=LDR  02110cam a2200613 a 4500
=001  009048384
=003  Uk
=005  20050620132726.0
=008  040113s2004\\\\ne\a\\\\\b\\\\001\0\eng\\
=FMT  \\$a  BK
=010  \\$a2004040386  
=015  \\$aGBA4Z8798$2bnb
=016  7\$a009048384$2Uk
=019  y\$abA4Z8798
=019  9\$a0080443753
=020  \\$a0080443753 :$cNo price
=039  0\$a2772
=040  \\$aStDuBDS$dUk
=042  \\$aukblsr
=050  00$aTS670$b.W32 2004
=082  00$a671.73$222
=100  1\$aWatanabe, Tohru.
=245  10$aNano-plating :$bmicrostructure control theory of plated film and data base of plated film microstructure /$cTohru Watanabe.
=260  \\$aAmsterdam ;$aLondon :$bElsevier,$c2004.
=300  \\$axvi, 697 p. :$bill. ;$c25 cm.
=336  \\$atext$2rdacontent
=337  \\$aunmediated$2rdamedia
=338  \\$avolume$2rdacarrier
=504  \\$aIncludes bibliographical references and index.
=500  \\$aFormerly CIP.$5Uk
=650  \0$aPlating.
=650  \0$aNanostructured materials.
=856  41$3Table of contents$uhttp://www.loc.gov/catdir/toc/els051/2004040386.html
=856  42$3Publisher description$uhttp://www.loc.gov/catdir/description/els051/2004040386.html
=852  11$aBritish Library$bSTI$k(B)$h671.73
=852  41$aBritish Library$bDSC$jm04/.37227
=CAT  \\$aCONV$b00$c20040425$lBLL90$h0532
=CAT  \\$a9523$b40$c20041125$lBLL01$h1121
=CAT  \\$a9523$b40$c20041125$lBLL01$h1123
=CAT  \\$a6160$b40$c20050617$lBLL01$h0908
=CAT  \\$a9671$b40$c20050620$lBLL01$h1246
=CAT  \\$a9671$b40$c20050620$lBLL01$h1247
=CAT  \\$a9671$b40$c20050620$lBLL01$h1327
=CAT  \\$aBATCH$b00$c20091209$lBLL01$h0325
=CAT  \\$aWR16_021$c20160609$lBLL01$h1950
=CAT  \\$aW1711-1225$c20171203$lBLL01$h1019
=FIN  \\$aY$d20050620
=LDO  \\$aCIP$c6/4/04
=LEO  \\$aMP5.0000077677
=SRC  \\$aLDS01$bbiblm.200404.2.aa
=SRC  \\$aBNB03$bbibmp5.200404.2.aa
=SRC  \\$aBLL02
=STA  \\$aSUPPRESSED$bunable to determine reason for suppression
=LAS  \\$aW1711-1225$b00$c20171203$lBLL01$h1019

