=LDR  02725cam a2200625 a 4500
=001  006932480
=003  Uk
=005  20220331211409.0
=008  040430s2004\\\\inua\\\\\b\\\\001\0\eng\d
=FMT  \\$a  BK
=010  \\$a2004299109
=015  \\$aGBA505953$2bnb
=016  7\$a006932480$2Uk
=020  \\$a0471081779 :$cNo price
=035  \\$a(OCoLC)ocm54978224
=040  \\$aTEF$cTEF$dDLC$dUk
=042  \\$aukblsr
=050  00$aQA76.9.D3$bM3388 2004
=082  00$a005.74$222
=100  1\$aMarco, David,$d1967-
=245  10$aUniversal meta data models /$cDavid Marco, Michael Jennings.
=260  \\$aIndianapolis, Ind. ;$a[Great Britain] :$bWiley,$cc2004.
=300  \\$axxii, 456 p. :$bill. ;$c24 cm. +$e1 CD-ROM (4 3/4 in.)
=336  \\$atext$2rdacontent
=337  \\$aunmediated$2rdamedia
=338  \\$avolume$2rdacarrier
=504  \\$aIncludes bibliographical references (p. 437-438) and index.
=538  \\$aSystem requirements: Windows 9x, 2000, NT4 (with SP 4 or later), Me, or XP; PC with Pentium processor 300 MHz or faster; 64 MB RAM (128 recommended); ethernet network interface card (NIC) or modem, 56Kbps; Computer Associates Erwin Data Modeler version 3.5.2 or higher (optional to open/read .ER1 files); Cognos Powerplay version 7.x or higher (optional to open/read .MDC, .MDL, & .PPR files)
=540  \\$aCurrent Copyright Fee: GBP32.00$c0$5Uk
=650  \0$aMetadata.
=650  \0$aDatabase management.
=700  1\$aJennings, Michael$q(Michael Francis).
=856  42$3Contributor biographical information$uhttp://www.loc.gov/catdir/bios/wiley047/2004299109.html
=856  42$3Publisher description$uhttp://www.loc.gov/catdir/description/wiley041/2004299109.html
=852  41$aBritish Library$bDSC$jVm07/.50017
=852  11$aBritish Library$bSTI$k(B)$h005.74$3Accompanying CD-ROM at (TB) 005.74
=852  11$aBritish Library$bSTI$k(TB)$h005.74
=CAT  \\$aCONV$b00$c20040502$lBLL01$h1203
=CAT  \\$a6923$b40$c20050120$lBLL01$h1221
=CAT  \\$a9657$b40$c20050125$lBLL01$h1117
=CAT  \\$a9657$b40$c20050125$lBLL01$h1118
=CAT  \\$aBATCH$b00$c20091207$lBLL01$h0319
=CAT  \\$a5100$b40$c20130314$lBLL01$h0951
=CAT  \\$aWR16_021$c20160608$lBLL01$h1741
=CAT  \\$aBATCH-UPD$b00$c20171122$lBLL01$h1746
=CAT  \\$aW1711-1225$c20171203$lBLL01$h1016
=CAT  \\$aBATCH-CLAB$c20220330$lBLL01$h1701
=CAT  \\$aIPL-CLA$c20220331$lBLL01$h2114
=CFI  0\$aCurrent Copyright Fee: GBP32.00$c0$e01-apr-2022$fGBP32.00$g0$hC$5Uk
=FIN  \\$aY$d20050125
=LDO  \\$aCIP
=SID  \\$aZ39$bLOC
=SRC  \\$aLDS01$bbiblm.200404.2.aa
=STA  \\$aSUPPRESSED$bunable to determine reason for suppression
=LAS  \\$aIPL-CLA$b00$c20220331$lBLL01$h2114

