=LDR  02512 ai a2200541 i 4500
=001  014917120
=003  Uk
=005  20130923151639.0
=006  m\\\\\\\\d\|\\\\\\
=007  cr||||||||||||
=008  090225c199u9999xxuuu\d\o\\\\\0\\\a2eng\\
=FMT  \\$a  SE
=040  \\$aUk$beng$cUk$erda
=042  \\$aukblsr
=082  04$a328.7302$223
=245  00$aCongressional record permanent digital collection.
=246  1\$iAdvanced search selection screen:$aCongressional publications.$pCongressional record bound edition & predecessors 1789-1999
=264  \1$a[Ann Arbor, Michigan] :$bProquest
=336  \\$atext$2rdacontent
=337  \\$acomputer$2rdamedia
=338  \\$aonline resource$2rdacarrier
=520  \\$aFull text of verbatim debates of the US Senate and House of Representatives, with subject heading, speaker, bill and public law number search facilities available.
=500  \\$aContains both the bound Congressional Record (beginning in 1873 and currently available through the late 1990s) and the predecessor titles including the Congressional Globe (1833-1873), the Register of Debates in Congress (1824-1837), and the Annals of Congress (1789-1824).
=588  \\$aTitle from Proquest LibGuide (viewed January 9, 2013).
=650  \0$aLaw$zUnited States$vDatabases.
=651  \0$aUnited States$xPolitics and government$vDatabases.
=710  2\$aProQuest (Firm)
=710  1\$aUnited States.$bCongress.
=710  1\$aUnited States. Congress.$sCongressional record (Permanent ed.)
=710  1\$aUnited States. Congress.$sCongressional globe (Permanent ed.)
=710  1\$aUnited States. Congress.$tRegister of debates in Congress.
=740  02$aAnnals of Congress.
=856  40$uhttp://congressional.proquest.com/congressional$zFor subscribers only, requires user name and password
=856  42$ahttp://proquest.libguides.com/quick_start_congrec
=852  41$aBritish Library$bHMNTS$je-media
=CAT  \\$a3391$b40$c20090225$lBLL01$h1217
=CAT  \\$a3391$b40$c20090225$lBLL01$h1225
=CAT  \\$a3072$b40$c20130110$lBLL01$h1636
=CAT  \\$a3072$b40$c20130114$lBLL01$h1031
=CAT  \\$a3072$b40$c20130114$lBLL01$h1221
=CAT  \\$a3072$b40$c20130114$lBLL01$h1236
=CAT  \\$a3072$b40$c20130923$lBLL01$h1512
=CAT  \\$a3072$b40$c20130923$lBLL01$h1514
=CAT  \\$a3072$b40$c20130923$lBLL01$h1516
=CAT  \\$aBATCH-UPD$b40$c20131021$lBLL01$h1141
=FIN  \\$aY$d20130923
=STA  \\$aSUPPRESSED$bDatabase
=LAS  \\$aBATCH-UPD$b40$c20131021$lBLL01$h1141

