=LDR  05478cai a2200901 a 4500
=001  015718195
=003  Uk
=005  20230223161426.0
=006  m\\\\\o\\d\\\\\\\\
=007  cr\|n||||||n||
=008  100413c20109999miuar\doo\\\\\0\\\a2eng\d
=FMT  \\$a  SE
=035  \\$a(OCoLC)606892435$z(OCoLC)631718606$z(OCoLC)858752310$z(OCoLC)871817433
=040  \\$aMIGCL$beng$cMIGCL$dMIGCL$dOCLCQ$dUMC$dRBN$dNGU$dOCLCF$dCOO$dZCU$dDOS$dOCLCO$dIUL$dOTZ$dVT2$dAU@$dOL$dOCLCQ$dGZM$dOCLCQ$dCOD$dOCLCO$dCSAIL$dUAB$dOCLCA$dOCLCQ$dIUL$dGZM$dDKC$dGZM$dIUL$dOCLCO$dUk
=042  \\$aukblsr
=043  \\$ae-uk-en
=050  \4$aHG11$b.F525
=082  04$a330$222
=245  00$aFinancial times historical archive, 1888-2016.
=246  1\$iAt head of title:$aGale primary sources
=247  10$aFinancial times historical archive$f<Aug. 29, 2018>
=260  \\$aAndover :$bCengage Learning.
=264  \1$aAndover, England :$bGale-Cengage Learning (EMEA),$c2010-
=264  31$3<May 27, 2020> :$aFarmington Hills, Michigan :$bGale, a Cengage company
=300  \\$a1 online resource
=310  \\$aAnnual
=336  \\$atext$btxt$2rdacontent
=337  \\$acomputer$bc$2rdamedia
=338  \\$aonline resource$bcr$2rdacarrier
=362  1\$aBegan in 2010.
=588  0\$aTitle from home page (viewed May 27, 2020).
=520  \\$aThe Financial Times Historical Archive delivers the complete run of the London edition of this internationally known daily paper, from its first issue through 2010. Every article, advertisement and market listing is included--shown both individually and in the context of the full page and issue of the day. It began as a City of London news sheet and grew to become one of the best-known and most-respected newspapers in the world. This historical archive is a comprehensive, accurate and unbiased research tool for everyone studying the economic and business history and current affairs of the last 120 years. Initially focused on the global financial and economic issues that were to become the predominant forces of the twentieth century, the Financial Times expanded coverage in the post war years, reporting on topics such as industry, energy and international politics. In more recent decades, coverage of management, personal finance and the arts has been added. Today, with more full-time foreign correspondents than any other European newspaper, a wider readership internationally than in the UK, worldwide circulation of nearly 500,000 and estimated global readership of more than 1.3 million people, the Financial Times is recognized as the complete newspaper for the business sector throughout the world. It is also accessible through Gale NewsVault and can be cross-searched with other Gale newspaper collections.
=630  00$aFinancial times (London, England)$vDatabases.
=630  00$aFinancial times (London, England)$vIndexes.
=650  \0$aFinance$vNewspapers.
=650  \0$aInternational finance$vNewspapers.
=650  \0$aBusiness$vNewspapers.
=651  \0$aLondon (England)$vNewspapers.
=650  \6$aFinances$vJournaux.
=650  \6$aAffaires$vJournaux.
=630  07$aFinancial times (London, England)$2fast$0(OCoLC)fst01782142
=650  \7$aBusiness.$2fast$0(OCoLC)fst00842262
=650  \7$aFinance.$2fast$0(OCoLC)fst00924349
=650  \7$aInternational finance.$2fast$0(OCoLC)fst00976945
=651  \7$aEngland$zLondon.$2fast$0(OCoLC)fst01204271
=655  \7$aDatabases.$2fast$0(OCoLC)fst01411643
=655  \7$aIndexes.$2fast$0(OCoLC)fst01423761
=655  \7$aNewspapers.$2fast$0(OCoLC)fst01423814
=655  \7$aReference works.$2fast$0(OCoLC)fst01919963
=710  2\$aGale (Firm),$eissuing body.
=730  0\$aFinancial times (London, England)
=776  1\$tFinancial times (London, England)
=787  08$iPrint version:$tFinancial times (London, England)$x0307-1766
=883  0\$aLanguage codes assigned by Bayesian analysis of words present in record$d20201028$qUk$c0.9010
=856  40$uhttps://link.gale.com/apps/FTHA
=856  40$uhttps://find.galegroup.com/ftha/start.do?prodId=FTHA
=856  40$uhttp://www.lexisnexis.com/hottopics/lnacademic$z1982- via LexisNexis academic
=856  41$uhttp://infoweb.newsbank.com/iw-search/we/InfoWeb?p_product=AWNB&p_theme=aggregated5&p_action=explore&d_place=FINB$z1998-
=856  4\$zElectronic address (http://gale.cengage.co.uk/financial-times-historical-archive.aspx) not available when searched on 2/7/2019
=856  4\$zElectronic address (http://gdc.gale.com/products/financial-times-historical-archive-1888-2006/) not available when searched on 2/7/2019
=852  41$aBritish Library$bHMNTS$je-media
=985  \\$aUpgraded by BSS-generated file for WR2011-1472
=985  \\$aRecord to be upgraded when 2017/2021 supplement added GC 22/11/22; see also 018790057.
=985  \\$aUpdated by MS generated file for WR2302-017
=CAT  \\$a10902$b40$c20101216$lBLL01$h1548
=CAT  \\$aBATCH-UPD$b40$c20131021$lBLL01$h1141
=CAT  \\$aFIX-001$c20151007$lBLL01$h1805
=CAT  \\$a10902$b40$c20160107$lBLL01$h1429
=CAT  \\$aW2011-1472$b00$c20201127$lBLL01$h1830
=CAT  \\$a3072$b40$c20221122$lBLL01$h1617
=CAT  \\$a3072$b40$c20221122$lBLL01$h1629
=CAT  \\$a3072$b40$c20221123$lBLL01$h1652
=CAT  \\$aW2302-0174$c20230223$lBLL01$h1957
=FIN  \\$aY$d20221122
=SID  \\$aZ39$bOCLC
=STA  \\$aSUPPRESSED$bDatabase
=TCO  \\$aZZZ$c008
=LAS  \\$aW2302-0174$b00$c20230223$lBLL01$h1957

