=LDR  02108 as a2200505 a 4500
=001  013526431
=003  Uk
=005  20061110142957.0
=006  m\\\\\\\\d\|\\\\\\
=007  cr||||||||||||
=008  060808c200u9999xxuqr\d\s\\\\\0\\\a0eng\\
=FMT  \\$a  SE
=040  \\$aUk$beng$cUk
=042  \\$aukblsr
=082  04$a016.96$222
=245  00$aAfrica-wide$h[electronic resource] :$bNiPAD.
=246  13$aBiblioLine.$pAfrica-wide
=246  30$aNiPAD
=260  \\$aBaltimore, Md. :$bNISC International
=310  \\$aUpdated quarterly
=336  \\$atext$2rdacontent
=337  \\$acomputer$2rdamedia
=338  \\$aonline resource$2rdacarrier
=362  1\$aBegan in 2004?
=538  \\$aMode of access: World Wide Web.
=500  \\$aPart of NISC's BiblioLine Web search service.
=520  \\$aA collection of databases providing a wide range of information sources on Africa. Content includes humanities and social science coverage, government publications, development data, and cultural heritage information, including material in African languages. It combines two popular NISC databases: South African studies, and: African studies; covers material on Africa from the 19th century.
=500  \\$aTitle from search screen (viewed 12 Nov. 2006).
=530  \\$aAlso issued on CD-ROM.
=651  \0$aAfrica$vIndexes.
=651  \0$aAfrica$xPeriodicals$vIndexes.
=651  \0$aAfrica$vAbstracts.
=710  2\$aNational Inquiry Services Centre (South Africa)
=710  2\$aNational Information Services Corporation.
=780  05$aAfrican studies (Grahamstown, South Africa : Online)
=780  05$aSouth African studies (Online)
=856  4\$ahttp://biblioline.nisc.com/scripts/login.dll?BiblioLine&dbname=QNIPAD$zFor subscribers only; BL Reading Room access
=852  41$aBritish Library$bHMNTS$je-media
=CAT  \\$a6524$b40$c20060808$lBLL01$h1120
=CAT  \\$a3072$b40$c20061110$lBLL01$h1429
=CAT  \\$aBATCH-UPD$b40$c20131021$lBLL01$h1141
=FIN  \\$aY$d20061110
=STA  \\$aSUPPRESSED$bDatabase
=TCO  \\$aTRS$bCCC$c008
=LAS  \\$aBATCH-UPD$b40$c20131021$lBLL01$h1141

