=LDR  02594 ai a2200661 a 4500
=001  012444467
=003  Uk
=005  20100824121804.0
=006  m\\\\\\\\d\\\\\\\\
=007  cr|mn|||||||||
=008  070920c20069999nyuuu\wss\\\\\0\\\\2tib\c
=010  \\$a2009267031$z2007585050
=035  \\$a(OCoLC)ocn272508126
=040  \\$aDLC$cCSt$dDS$dDLC$dUk
=041  1\$atib$aeng
=042  \\$aukblsr
=043  \\$aa-cc-ti
=050  00$aBQ7549
=050  14$aBQ7549$b.T37
=082  04$a294.3923$222
=245  00$aTBRC digital library$h[electronic resource].
=246  3\$aTibetan Buddhist Resource Center digital library
=260  \\$a[New York, NY :$bTibetan Buddhist Resource Center at the Rubin Museum of Art]
=336  \\$atext$2rdacontent
=337  \\$acomputer$2rdamedia
=338  \\$aonline resource$2rdacarrier
=362  1\$aBegan in 2006.
=500  \\$aTitle from HTML header (viewed May 18, 2009).
=500  \\$aTitle also given in Tibetan.
=520  \\$aCollection of Tibetan texts covering all fields of Tibetan classical literature. Includes 4000+ volumes growing at a rate of ca 1000 vols per year. Readers can search/browse for available texts and download any number of pages from any volume as PDF files.
=520  8\$aThis website contains E. Gene Smith's extensive database of Tibetan literature.
=538  \\$aMode of access: World Wide Web.
=546  \\$aTibetan texts with English interface.
=546  \\$aTexts in Tibetan; search interface and help screens in English; knowledge base in English and Tibetan.
=650  \0$aBuddhist literature, Tibetan.
=650  \0$aBuddhism$zChina$zTibet.
=650  \0$aTibetan literature.
=651  \0$aTibet (China)$xReligion.
=700  1\$aSmith, E. Gene$q(Ellis Gene),$d1936-2010.
=710  2\$aTibetan Buddhist Resource Center.
=852  41$aBritish Library$bHMNTS$je-media
=856  40$ahttp://www.tbrc.org/#home$zFor subscribers only; BL Reading Room access
=A02  \\$a3026176$z0
=CAT  \\$aCONV$b00$c20040425$lBLL90$h0713
=CAT  \\$aCONV$b00$c20040502$lBLL01$h1509
=CAT  \\$aBATCH$b00$c20091210$lBLL01$h2335
=CAT  \\$aBATCH$b00$c20091214$lBLL01$h0846
=CAT  \\$aBATCH$b00$c20091216$lBLL01$h0220
=CAT  \\$a3072$b40$c20100824$lBLL01$h1218
=CAT  \\$aBATCH-UPD$b40$c20101231$lBLL01$h2049
=CAT  \\$aBATCH-UPD$b40$c20131021$lBLL01$h1142
=FIN  \\$aY$d20100824
=FMT  \\$a  SE
=LAS  \\$aBATCH-UPD$b40$c20131021$lBLL01$h1142
=SID  \\$aZ39$bLOC
=SRC  \\$aDSS02$bbibh.200404.2.aa
=STA  \\$aSUPPRESSED$bDatabase
=TCO  \\$aTRS$bCCC$c008

