=LDR  01838 ai a2200505 a 4500
=001  013703342
=003  Uk
=005  20181211095344.0
=006  m\\\\\\\\d\|\\\\\\
=007  cr||||||||||||
=008  070327c200u9999enkwr\d\\i\\\\0\\\a2eng\\
=015  \\$aGBA744314$2bnb
=040  \\$aUk$beng$cUk
=042  \\$aukblsr
=082  04$a016.78$222
=245  00$aSearchMuze.co.uk$h[electronic resource].
=260  \\$aLondon :$bMuze Europe
=310  \\$aUpdated weekly
=336  \\$atext$2rdacontent
=337  \\$acomputer$2rdamedia
=338  \\$aonline resource$2rdacarrier
=500  \\$aTitle from home page (viewed on 8 June 2007).
=520  \\$aAccesses well over 615,000 available and deleted recordings held on the Muze MusicMaster, Video, Soundtracks and Spoken Word Databases; covers UK distribution.
=538  \\$aMode of access: World Wide Web.
=650  \0$aSound recordings$vIndexes.
=650  \0$aVideo recordings$vIndexes.
=650  \0$aDVD-Video discs$vIndexes.
=650  \0$aAudio-visual materials$vIndexes.
=650  \0$aMotion picture soundtracks$vIndexes.
=650  \0$aAudio books$vIndexes.
=852  41$aBritish Library$bHMNTS$je-media
=856  4\$ahttp://www.searchmuze.co.uk$zFor subscribers only; BL Reading Room access
=CAT  \\$a6524$b40$c20070327$lBLL01$h0911
=CAT  \\$a6524$b40$c20070327$lBLL01$h0929
=CAT  \\$a3072$b40$c20070608$lBLL01$h1704
=CAT  \\$a3072$b40$c20070608$lBLL01$h1718
=CAT  \\$aBATCH-UPD$b40$c20131021$lBLL01$h1141
=CAT  \\$aWR14_140$c20140905$lBLL01$h1815
=CAT  \\$a8874$b40$c20181211$lBLL01$h0953
=FIN  \\$aY$d20070608
=FMT  \\$a  SE
=LAS  \\$a8874$b40$c20181211$lBLL01$h0953
=LKR  \\$aPAR$b009918152$lBLL01$r78000$mSearchMuze.co.uk pop & classical.$nSearchRED
=STA  \\$aSUPPRESSED$bDatabase
=TCO  \\$aCLA$bCLA$c008

