=LDR  02796 ai a2200565 a 4500
=001  014482913
=003  Uk
=005  20080103142034.0
=006  m\\\\\\\\d\\\\\\\\
=007  cr\mnu||||||||
=008  030403c20039999enk\x\d\s\\\\\0\\\b2eng\d
=FMT  \\$a  SE
=015  \\$aGBA803355$2bnb
=035  \\$a(OCoLC)51973937
=040  \\$aNDD$cNDD$dOCLCQ$dIUL$dUk
=042  \\$aukblsr
=043  \\$ae-uk---
=082  04$a325.32$222
=245  00$aEmpire online$h[electronic resource].
=246  1\$iAlso known as:$aEmpire on-line
=260  \\$a[Marlborough, England] :$bAdam Matthew Publications :$bDatagold,$c2003-
=336  \\$atext$2rdacontent
=337  \\$acomputer$2rdamedia
=338  \\$aonline resource$2rdacarrier
=538  \\$aMode of access: World Wide Web.
=506  \\$aAccess restricted to subscribers.
=500  \\$aTitle from database home page (viewed Apr. 3, 2003).
=500  \\$aLast viewed Jan.3, 2007.
=520  \\$aThis database is being published in five sections between 2003 and 2007 offering approximately 60,000 images of original documents linked to essays by leading scholars in the field of Empire Studies. The sections cover Cultural Contacts, 1492-1969 (2003); Empire Writing and the Literature of Empire (2003/4); The Visible Empire (2004/5); Religion and Empire (2005/6); and Race, Class and Colonialism, c1783-1969 (2006/7). The images will be sourced from about ten different libraries and archives around the world, including a strong core of document images from the British Library (including the Oriental and India Office Collections); the University of Birmingham Library; the Bodleian Library; the Public Record Office and the State Records, New South Wales, Australia.
=650  \0$aImperialism$xHistory$vSources$vDatabases.
=651  \0$aImperialism$zGreat Britain$xHistory$xSources$vDatabases.
=651  \0$aGreat Britain$xColonies$xHistory$vSources$vDatabases.
=651  \0$aGreat Britain$xHistory$vSources$vDatabases.
=650  \0$aColonization$vDatabases.
=650  \0$aColonies$vDatabases.
=710  2\$aAdam Matthew Publications.
=710  2\$aDatagold, Ltd.
=856  4\$3Empire on-line$uhttp://www.datagold.com/empire-ip/empsrch.htm$zLink no longer valid as of c.June 2007
=856  40$uhttp://www.empire.amdigital.co.uk/$zFor subscribers only; BL Reading Room access
=852  41$aBritish Library$bHMNTS$je-media
=CAT  \\$a3072$b40$c20080102$lBLL01$h1729
=CAT  \\$a3072$b40$c20080103$lBLL01$h1403
=CAT  \\$a3072$b40$c20080103$lBLL01$h1420
=CAT  \\$aBATCH-UPD$b40$c20131021$lBLL01$h1141
=CAT  \\$aWR14_140$c20140905$lBLL01$h1817
=FIN  \\$aY$d20080103
=SID  \\$aZ39$bOCLC
=STA  \\$aSUPPRESSED$bDatabase
=TCO  \\$aCLA$bCLA$c008
=LAS  \\$aWR14_140$b00$c20140905$lBLL01$h1817

