=LDR  01936 am a2200529 a 4500
=001  015613785
=003  Uk
=005  20100729143546.0
=008  091214s2009\\\\ja\b\\\\\b\\\\000\0\jpn\c
=010  \\$a2010381574
=020  \\$a9784886215017
=020  \\$a4886215017
=035  \\$a(OCoLC)488454001
=040  \\$aUk$beng$cUk
=042  \\$aukblsr
=042  \\$apcc
=043  \\$aa-ja---
=050  00$aDS855$b.M258 2009
=084  \\$a210.32$2njb/9
=100  1\$6880-01$aMaeda, Haruto,$d1949-
=245  10$6880-02$aWa no goō to futatsu no ōke /$cMaeda Haruto.
=246  3\$6880-03$aWa no 5-ō to 2-tsu no Ōke
=260  \\$6880-04$aTōkyō :$bDōseisha,$c2009.
=300  \\$avi, 263 p. :$bmaps ;$c20 cm.
=336  \\$atext$2rdacontent
=337  \\$aunmediated$2rdamedia
=338  \\$avolume$2rdacarrier
=504  \\$aIncludes bibliographical references (p. 253-260 (2nd group)).
=650  \0$aEmperors$zJapan$xHistory$yTo 1500.
=650  \7$6880-05$aNihon-Rekishi-Yamato jidai.$2jlabsh/4
=650  \7$6880-06$aTennō-Rekishi.$2jlabsh/4
=651  \0$aJapan$xPolitics and government$yTo 794.
=852  41$aBritish Library$bOC$jYP.2010.a.6364
=856  41$3Table of contents only$uhttp://www.loc.gov/catdir/toc/fy10pdf02/2010381574.html
=856  4\$uhttp://www.bk1.jp/trcno/09064857/?partnerid=oclc&siteid=oclc$zJapanese record available for display
=880  1\$6100-01$a前田晴人,$d1949-
=880  10$6245-02$a倭の五王と二つの王家 /$c前田晴人.
=880  3\$6246-03$a倭の 5王と 2つの王家
=880  \\$6260-04$a東京 :$b同成社,$c2009.
=880  04$6650-05$a日本-歴史-大和時代.$2jlabsh/4
=880  04$6650-06$a天皇-歴史.$2jlabsh/4
=CAT  \\$a11693$b40$c20100729$lBLL01$h1435
=CAT  \\$aWR12170$c20121116$lBLL01$h1703
=FMT  \\$a  BK
=LAS  \\$aWR12170$b00$c20121116$lBLL01$h1703
=SID  \\$aZ39$bOCLC
=STA  \\$aSUPPRESSED$bPreliminary Record

