=LDR  02154cam a2200589 a 4500
=001  015613797
=003  Uk
=005  20100729144252.0
=008  091029s2009\\\\ja\ab\\\\b\\\\000\0\jpn\\
=FMT  \\$a  BK
=010  \\$a2009506952
=020  \\$a9784585032427
=020  \\$a4585032428
=035  \\$a(OCoLC)433517415
=040  \\$aUk$beng$cUk
=042  \\$aukblsr
=043  \\$aa-ja---
=050  00$aBL2205$b.N544 2009
=084  \\$a162.1$2njb/9
=245  00$6880-01$aNihon kodai no shūkyō to denshō /$cMatsukura Fumihiko hen.
=250  \\$6880-02$aShohan.
=260  \\$6880-03$aTōkyō :$bBensei Shuppan,$c2009.
=300  \\$a390 p. :$bill., maps ;$c22 cm.
=336  \\$atext$2rdacontent
=337  \\$aunmediated$2rdamedia
=338  \\$avolume$2rdacarrier
=490  1\$6880-06$aRyūkoku sōsho ;$v18
=504  \\$aIncludes bibliographical references.
=651  \0$aJapan$xReligion$yTo 1185.
=650  07$6880-08$aShūkyō-Nihon.$2jlabsh/4
=650  07$6880-09$aNihon-Rekishi-Kodai.$2jlabsh/4
=700  1\$6880-05$aMatsukura, Fumihiko,$d1951-
=856  41$3Table of contents only$uhttp://www.loc.gov/catdir/toc/fy10pdf01/2009506952.html
=830  \0$6880-07$aRyūkoku sōsho$v18.
=856  4\$uhttp://www.bk1.jp/trcno/09044033/?partnerid=oclc&siteid=oclc$zJapanese record available for display
=880  00$6245-01$a日本古代の宗教と伝承 /$c松倉文比古編.
=880  \\$6250-02$a初版.
=880  \\$6260-03$a東京 :$b勉誠出版,$c2009.
=880  1\$6490-06$a龍谷叢書 ;$v18
=880  07$6650-08$a宗教-日本.$2jlabsh/4
=880  07$6650-09$a日本-歴史-古代.$2jlabsh/4
=880  1\$6700-05$a松倉文比古,$d1951-
=880  \0$6830-07$a龍谷叢書 ;$v18.
=852  41$aBritish Library$bOC$jYP.2010.a.6306
=CAT  \\$a11693$b40$c20100729$lBLL01$h1442
=CAT  \\$aBATCH-UPD$b40$c20100729$lBLL01$h1443
=CAT  \\$aWR12170$c20121116$lBLL01$h1703
=CAT  \\$aBATCH-UPD$b00$c20140828$lBLL01$h2138
=CAT  \\$aBATCH-UPD$b00$c20230504$lBLL01$h1708
=SID  \\$aZ39$bOCLC
=STA  \\$aSUPPRESSED$bPreliminary Record
=LAS  \\$aBATCH-UPD$b00$c20230504$lBLL01$h1708

