=LDR  02559cam a22006975a 4500
=001  016194102
=003  Uk
=005  20121022081519.0
=008  110816s2011\\\\ja\ab\\\\b\\\\000\0\jpn\\
=FMT  \\$a  BK
=010  \\$a2011375887
=020  \\$a9784787710048
=020  \\$a4787710044
=035  \\$a(OCoLC)746847437$z(OCoLC)727707794$z(OCoLC)748918233
=040  \\$aDLC$beng$cDLC$dLNN$dTRCLS$dLWU
=042  \\$aukblderived
=042  \\$apcc
=043  \\$aa-ja---
=050  00$aGN776.2.Y3$bT36 2011
=084  \\$a210.27$2njb/9
=084  \\$a210.27$2njb
=100  1\$6880-01$aTanaka, Yoshiaki,$d1935-
=245  10$6880-02$aYayoi jidai shūraku ato no kenkyū /$cTanaka Yoshiaki cho.
=246  3\$aYayoi jidai shūrakushi no kenkyū
=250  \\$6880-03$aDai 1-han.
=260  \\$6880-04$aTōkyō :$bShinsensha,$c2011.
=300  \\$a485 p. :$bill. (some col.), maps ;$c22 cm.
=336  \\$atext$2rdacontent
=337  \\$aunmediated$2rdamedia
=338  \\$avolume$2rdacarrier
=504  \\$aIncludes bibliographical references (p. 457-480).
=650  \0$aYayoi culture$zJapan.
=650  \0$aDwellings, Prehistoric$zJapan.
=651  \0$aJapan$xAntiquities.
=650  07$6880-07$aYayoishiki bunka.$2jlabsh/4
=650  07$6880-08$aIseki ibutsu-Nihon.$2jlabsh/4
=650  07$6880-09$aShūraku.$2jlabsh/4
=653  \\$6880-05$aYayoishikibunkajidai.
=653  \\$6880-06$aShūrakuchiri.
=856  41$3Table of contents only$uhttp://catdir.loc.gov/catdir/toc/fy12pdf02/2011375887.html
=856  4\$uhttp://www.bk1.jp/trcno/11026563/?partnerid=oclc&siteid=oclc$zJapanese record available for display
=880  1\$6100-01$a田中義昭,$d1935-
=880  10$6245-02$a弥生時代集落址の研究 /$c田中義昭著.
=880  \\$6250-03$a第 1版.
=880  \\$6260-04$a東京 :$b新泉社,$c2011.
=880  \\$6500-00$a文献:p457-480
=880  \\$6504-00$a文献あり.
=880  \\$6653-05$a弥生式文化時代.
=880  \\$6653-06$a集落地理.
=880  07$6650-07$a弥生式文化.$2jlabsh/4
=880  07$6650-08$a遺跡・遺物-日本.$2jlabsh/4
=880  07$6650-09$a集落.$2jlabsh/4
=880  1\$6700-00$a田中義昭,$d1935-
=852  41$aBritish Library$bOC$jJPN.2013.a.12
=CAT  \\$a13812$b40$c20121022$lBLL01$h0815
=CAT  \\$aBATCH-UPD$b40$c20121022$lBLL01$h0816
=CAT  \\$aWR12170$c20121116$lBLL01$h1706
=CAT  \\$aBATCH-UPD$b00$c20230504$lBLL01$h1711
=SID  \\$aZ39$bOCLC
=STA  \\$aSUPPRESSED$bPreliminary Record
=LAS  \\$aBATCH-UPD$b00$c20230504$lBLL01$h1711

