=LDR  01864 as a22005175a 4500
=001  016285501
=003  Uk
=005  20130227113412.0
=007  ta
=008  120615s2012\\\\ja\a\\\\\b\\\\001\0\jpn\\
=FMT  \\$a  SE
=010  \\$a2012373287
=020  \\$a9784258046010
=020  \\$a4258046019
=035  \\$a(OCoLC)785868197
=040  \\$aDLC$beng$cDLC$dTRCLS$dOCLCO
=042  \\$aukblderived
=042  \\$apcc
=043  \\$aa-th---
=050  00$aKPT449.5$b.T35 2012
=084  \\$a314.237$2njb/9
=245  00$6880-01$aTai no rippō katei :$bkokumin no seiji sanka e no mosaku /$cImaizumi Shin'ya hen.
=260  \\$6880-02$aChiba-shi :$bAjia Keizai Kenkyūjo,$c2012.
=300  \\$avi, 234 p. :$bill. ;$c22 cm.
=336  \\$atext$2rdacontent
=337  \\$aunmediated$2rdamedia
=338  \\$avolume$2rdacarrier
=490  1\$aKenkyū sōsho ;$v601
=504  \\$aIncludes bibliographical references and index.
=650  \0$aLegislation$zThailand.
=650  \0$aPolitical planning$xCitizen participation.
=610  14$aTai kokkai.
=650  07$aRippō.$2jlabsh/4
=700  1\$6880-04.$aImaizumi, Shin'ya.
=830  \0$aKenkyū sōsho ;$v601.
=856  41$3Table of contents only$uhttp://catdir.loc.gov/catdir/toc/fy13pdf01/2012373287.html
=856  4\$uhttp://www.bk1.jp/trcno/12020790/?partnerid=oclc&siteid=oclc$zJapanese record available for display
=880  00$6245-01$aタイの立法過程 :$b国民の政治参加への模索 /$c今泉慎也編.
=880  \\$6260-02$a千葉市 :$bアジア経済研究所,$c2012.
=880  1\$6700-04$a今泉慎也.
=852  41$aBritish Library$bOC$jS.T.100/196(601)
=CAT  \\$a13812$b40$c20130227$lBLL01$h1134
=CAT  \\$aBATCH-UPD$b40$c20180321$lBLL01$h1915
=SID  \\$aZ39$bOCLC
=STA  \\$aSUPPRESSED$bPreliminary Record
=LAS  \\$aBATCH-UPD$b40$c20180321$lBLL01$h1915

