=LDR  02862 ai a2200649 a 4500
=001  014482911
=003  Uk
=005  20101018173729.0
=006  m\\\\\\\\d\\\\\\\\
=007  cr\cn|||||||||
=008  981007c199u9999enk\x\d\sb\\\\0\\\a2eng\d
=FMT  \\$a  SE
=035  \\$a(OCoLC)40057239$z(OCoLC)44375993$z(OCoLC)45083225
=040  \\$aCSU$cCSU$dYSM$dC@R$dOCL$dOCLCQ$dOCL$dOCLCQ$dUk
=042  \\$aukblsr
=082  04$a052$222
=245  00$aInternet library of early journals$h[electronic resource] :$ba digital library of 18th and 19th century journals.
=246  30$aLibrary of early journals
=246  3\$aILEJ
=246  3\$aWelcome to the Internet library of early journals
=256  \\$aElectronic text data.
=260  \\$aOxford :$bBodleian Library, University of Oxford,$c[199-]-
=336  \\$atext$2rdacontent
=337  \\$acomputer$2rdamedia
=338  \\$aonline resource$2rdacarrier
=500  \\$aTitle from title screen.
=538  \\$aMode of access: World Wide Web.
=520  \\$a"ILEJ, the 'Internet Library of Early Journals' is a joint project by the Universities of Birmingham, Leeds, Manchester and Oxford, conducted under the auspices of the eLib (Electronic Libraries) Programme. It aims to digitise substantial runs of 18th and 19th century journals, and make these images available on the Internet, together with their associated bibliographic data."--Information page.
=650  \0$aEnglish periodicals.
=650  \0$aPeriodicals$y18th century$xComputer network resources$vBibliography.
=650  \0$aPeriodicals$y19th century$xComputer network resources$vBibliography.
=650  \0$aEighteenth century$vPeriodicals$xComputer network resources.
=650  \0$aNineteenth century$vPeriodicals$xComputer network resources.
=650  \0$aCivilization, Modern$y18th century$vPeriodicals.
=650  \0$aCivilization, Modern$y19th century$vPeriodicals.
=710  2\$aBodleian Library.
=710  2\$aUniversity of Leeds.
=710  2\$aUniversity of Oxford.
=710  2\$aUniversity of Manchester.
=710  2\$aUniversity of Birmingham.
=740  02$aGentleman's magazine.
=740  02$aAnnual register.
=740  02$aPhilosophical transactions of the Royal Society.
=740  02$aNotes and queries.
=740  02$aBlackwood's Edinburgh magazine.
=740  02$aBuilder.
=856  40$uhttp://www.bodley.ox.ac.uk/ilej/start.htm$zConnect to Internet library of early journals
=856  40$3Electronic journals$uhttp://www.bodley.ox.ac.uk/ilej/
=852  41$aBritish Library$bHMNTS$je-media
=CAT  \\$a3072$b40$c20080102$lBLL01$h1705
=CAT  \\$a3072$b40$c20101018$lBLL01$h1737
=CAT  \\$aBATCH-UPD$b40$c20131021$lBLL01$h1141
=FIN  \\$aY$d20101018
=SID  \\$aZ39$bOCLC
=STA  \\$aSUPPRESSED$bDatabase
=TCO  \\$aCLA$bCLA$c008
=LAS  \\$aBATCH-UPD$b40$c20131021$lBLL01$h1141

