=LDR  05595cgi a2200961 i 4500
=001  016301081
=003  Uk
=005  20231005153756.0
=006  m\\\\\o\\c\\\\\\\\
=006  suu\d\o\\\\\0\\\\2
=007  vz\mzazzu
=007  cr\mna||||||||
=008  100315c20109999vauuu\d\\\\\\\0\\\\2eng\c
=FMT  \\$a  SE
=010  \\$a  2014254378
=022  0\$a2325-2987$l2325-2987
=035  \\$a(OCoLC)554954577$z(OCoLC)708216717$z(OCoLC)888943450
=040  \\$aOIP$beng$cOIP$dOIP$dCUS$dZCU$dWAU$dOCLCA$dCLU$dOCLCA$dUMC$dNDD$dOCLCQ$dZCU$dOCLCO$dCOO$dOCLCQ$dWAU$dOCLCF$dOCLCO$dCUS$dALSTP$dCUS$dDLC$dOCL$dOCLCO$dOCLCQ$dOCL$dOCLCQ$dOCLCO$dOCLCA$dNJR$dCLU$dIUL$dOCLCO$dORU$dUk$erda
=041  0\$aeng$amul$jeng
=042  \\$aukblsr
=050  00$aGN301
=082  04$a301$223
=222  \0$aEthnographic video online
=245  00$aEthnographic video online.
=246  1\$iTitle appears on home page:$aWelcome to Ethnographic video online$f<June 7, 2011-December 31, 2011?>
=246  1\$iAt head of title on home page:$aAlexander Street Anthropology$f<January 3, 2012->
=246  1\$aANTH
=247  10$aEthnographic video online$f<June 7, 2011>
=247  10$aEthnographic video online and anthropology online$f<January 8, 2013>
=264  \1$aAlexandria, VA :$bAlexander Street Press,$c[2010]-
=300  \\$a1 online resource (video files)
=336  \\$atwo-dimensional moving image$btdi$2rdacontent
=337  \\$acomputer$bc$2rdamedia
=338  \\$aonline resource$bcr$2rdacarrier
=362  1\$aBegan in 2010.
=505  1\$aEthnographic video online, volume I -- Ethnographic video online, volume II -- Ethnographic Video Online, volume III -- Ethnographic Video Online.
=506  \\$aAccess limited to subscribing institutions.
=520  \\$aEthnographic Video Online is a comprehensive online resource for the study of human culture, behavior and society around the world. The collections contain over 1,300 hours of streaming video, including ethnographic films, documentaries, select feature films, and previously unpublished fieldwork. Intended to be a visual encyclopedia of human behavior and culture, online in streaming video. Includes footage from every continent and hundreds of unique cultures. Thematic areas include: language and culture, kinesthetics, body language, food and foraging, cooking, economic systems, social stratification and status, caste systems and slavery, male and female roles, kinship and families, political organization, conflict and conflict resolution, religion and magic, music and the arts, culture and personality, and sex, gender, and family roles.
=538  \\$aSystem requirements: Microsoft Internet Explorer 7.0 (or higher) or Firefox 3.0 (or higher); Adobe Flash Player 9 (or higher).
=546  \\$aVideos in many languages, with the majority in English; those not in English have subtitles in English. Transcripts in English.
=588  \\$aDescription based on contents viewed on December 3, 2014; title from home page.
=650  \0$aAnthropology$vDatabases.
=650  \0$aEthnology$vDatabases.
=650  \0$aCulture$vDatabases.
=650  \0$aSociology$vDatabases.
=650  \0$aSocial sciences$vDatabases.
=650  \7$aAnthropology.$2fast$0(OCoLC)fst00810196
=650  \7$aCulture.$2fast$0(OCoLC)fst00885059
=650  \7$aEthnology.$2fast$0(OCoLC)fst00916106
=650  \7$aSocial sciences.$2fast$0(OCoLC)fst01122877
=650  \7$aSociology.$2fast$0(OCoLC)fst01123875
=655  \4$aElectronic reference sources.
=655  \7$aDatabases.$2fast$0(OCoLC)fst01411643
=655  \7$aDocumentary films.$2fast$0(OCoLC)fst01710390
=655  \7$aEthnographic films.$2fast$0(OCoLC)fst01710263
=655  \7$aInternet videos.$2fast$0(OCoLC)fst01750214
=655  \7$aEthnographic films.$2lcgft
=655  \7$aDocumentary films.$2lcgft
=655  \7$aNonfiction films.$2lcgft
=710  2\$aAlexander Street Press,$eissuing body.
=740  02$aEthnographic video online. Volume I & II. Foundational Films.
=740  02$aEthnographic video online. Volume III, Indigenous voices.
=773  08$iPart of the database:$tAnthropology.$dAlexandria, VA : Alexander Street Press, 2010-
=856  40$3v.1 & 2$uhttps://video.alexanderstreet.com/channel/ethnographic-video-online-foundational-films
=856  40$3v.3$uhttps://video.alexanderstreet.com/channel/ethnographic-video-online-indigenous-voices
=856  40$3v.4$uhttps://video.alexanderstreet.com/channel/ethnographic-video-online-festivals-and-archives
=856  40$3Royal Anthropological Institute teaching edition$uhttps://search.alexanderstreet.com/antt
=856  40$uhttps://search.alexanderstreet.com/anthropology
=852  41$aBritish Library$bHMNTS$je-media
=985  \\$aUpgraded by BSS-generated file for WR1910-0531
=985  \\$aAS OF 5/10/23 BL HAS VOL I & II & VOL III NOW TO BE ADDED; 588 viewed info left as is; add subsequent vols, if purchased to 505/740s: volume IV -- Ethnographic Video Online, Festivals and archives -- Ethnographic video online. Royal Anthropological Institute teaching edition.
=CAT  \\$a10902$b40$c20130314$lBLL01$h1149
=CAT  \\$aBATCH-UPD$b40$c20131021$lBLL01$h1141
=CAT  \\$aFIX-001$c20151007$lBLL01$h1808
=CAT  \\$aW1910-0531$b00$c20200417$lBLL01$h1846
=CAT  \\$a3072$b40$c20231005$lBLL01$h1426
=CAT  \\$a3072$b40$c20231005$lBLL01$h1451
=CAT  \\$a3072$b40$c20231005$lBLL01$h1513
=CAT  \\$a3072$b40$c20231005$lBLL01$h1537
=FIN  \\$aY$d20231005
=SID  \\$aZ39$bOCLC
=STA  \\$aSUPPRESSED$bDatabase
=LAS  \\$a3072$b40$c20231005$lBLL01$h1537

