=LDR  04158cai a2200913 i 4500
=001  013698635
=003  Uk
=005  20231016073659.0
=006  m\\\\\o\\d\\\\\\\\
=007  cr\cn|||||||||
=008  050608c20059999miuuu\dso\\\\\0\\\a2eng\c
=FMT  \\$a  SE
=010  \\$a  2011238495
=015  \\$aGBA744416$2bnb
=035  \\$a(OCoLC)60577793$z(OCoLC)226095575$z(OCoLC)229944859$z(OCoLC)401947266$z(OCoLC)464170510
=040  \\$aCGU$beng$cCGU$dZCU$dOCL$dZCU$dOCLCQ$dAU@$dOCLCQ$dIUL$dOCLCQ$dNOC$dOCLCQ$dOCLCA$dOCLCF$dNDD$dZCU$dOCL$dNDD$dUk$erda
=042  \\$aukblsr
=043  \\$ae-uk---
=050  \4$aJ301
=082  04$a328.41$222
=245  00$aU.K. parliamentary papers.
=246  3\$aUnited Kingdom parliamentary papers
=246  30$aParliamentary papers
=246  13$aProQuest U.K. parliamentary papers
=246  1\$iFormerly also known as:$aHCCP
=247  10$aHouse of Commons parliamentary papers$f<March 28, 2016>
=264  \1$32005-$a[Cambridge] :$bChadwyck-Healey
=264  31$3<2010>-$aAnn Arbor, MI :$bProQuest
=300  \\$a1 online resource
=336  \\$atext$2rdacontent
=337  \\$acomputer$2rdamedia
=338  \\$aonline resource$2rdacarrier
=588  \\$aIdentification of the resource based on contents viewed on October 5, 2023; title from basic search page.
=520  \\$aFull text access to House of Commons papers 1715-2022/23, House of Lords papers 1715-1910, Command papers 1833-2022/23 & Hansard 1803-2005. For the C18, includes private and local Bills & Acts, Commons & Lords Journals & pre-Hansard debates. Encompasses all areas of social, political, economic and foreign policy, showing how issues were explored and legislation was formed.
=505  0\$aBills and acts, 1695-2023 -- Command papers by number, 1833-2023 -- House of Commons Papers, 1715-2023 -- House of Lords Papers , 1715-1910 -- Hansard, 1803-2005 -- Journals, 1688-1834 -- Debates, 1774-1805 -- Histories and proceedings, 1660-1743.
=506  \\$aAccess limited to subscribers.
=630  00$aCm (Series) (Great Britain. Parliament)
=610  10$aGreat Britain.$bParliament.$bHouse of Commons.
=651  \0$aGreat Britain$xHistory$y18th century$vSources.
=651  \0$aGreat Britain$xHistory$y19th century$vSources.
=651  \0$aGreat Britain$xHistory$y20th century$vSources.
=651  \0$aGreat Britain$xHistory$y21st century$vSources.
=610  17$aGreat Britain.$bParliament.$bHouse of Commons.$2fast$0(OCoLC)fst00537373
=651  \7$aGreat Britain.$2fast$0(OCoLC)fst01204623
=648  \7$a1700-2099$2fast
=655  \4$aElectronic reference sources.
=655  \7$aHistory.$2fast$0(OCoLC)fst01411628
=655  \7$aSources.$2fast$0(OCoLC)fst01423900
=655  \0$aElectronic reference sources.
=710  1\$aGreat Britain.$bParliament.$bHouse of Commons.
=856  40$uhttp://parlipapers.chadwyck.com/home.do
=856  40$uhttp://parlipapers.proquest.com
=856  42$3User's Guide$uhttp://proquest.libguides.com/parliamentary
=852  41$aBritish Library$bHMNTS$je-media
=CAT  \\$a6524$b40$c20070320$lBLL01$h1214
=CAT  \\$a6524$b40$c20070320$lBLL01$h1215
=CAT  \\$a3072$b40$c20070608$lBLL01$h1742
=CAT  \\$a3072$b40$c20070611$lBLL01$h1204
=CAT  \\$a3072$b40$c20070611$lBLL01$h1218
=CAT  \\$a3072$b40$c20070611$lBLL01$h1421
=CAT  \\$a3072$b40$c20070611$lBLL01$h1500
=CAT  \\$a3072$b40$c20070727$lBLL01$h1406
=CAT  \\$a11279$b40$c20080409$lBLL01$h1052
=CAT  \\$aBATCH-UPD$b40$c20131021$lBLL01$h1141
=CAT  \\$aWR14_140$c20140905$lBLL01$h1814
=CAT  \\$a3072$b40$c20160426$lBLL01$h1410
=CAT  \\$a3072$b40$c20160426$lBLL01$h1419
=CAT  \\$a3072$b40$c20160426$lBLL01$h1421
=CAT  \\$a3072$b40$c20160426$lBLL01$h1422
=CAT  \\$a3072$b40$c20160426$lBLL01$h1425
=CAT  \\$a6490$b40$c20201124$lBLL01$h1200
=CAT  \\$a3072$b40$c20231005$lBLL01$h1641
=CAT  \\$a8055$b40$c20231013$lBLL01$h1242
=CAT  \\$a8874$b40$c20231016$lBLL01$h0736
=FIN  \\$aY$d20070611
=SID  \\$aZ39$bOCLC
=STA  \\$aSUPPRESSED$bDatabase
=TCO  \\$aCLA$bCLA$c008
=LAS  \\$a8874$b40$c20231016$lBLL01$h0736

