=LDR  02593cai a2200625 i 4500
=001  021236921
=003  Uk
=005  20231004153727.0
=006  m\\\\\o\\d\\\\\\\\
=007  cr\|||||||||||
=008  210804c20219999miuuu\d\o\ls\\0\\\a2eng\d
=FMT  \\$a  SE
=035  \\$a(OCoLC)1262767102
=040  \\$aGZL$beng$cGZL$dGZL$dOCLCO$dGZL$dOCLCF$dOCLCQ$dOCLCO$dOCLCQ$dUk$erda
=042  \\$aukblsr
=043  \\$an-us---
=082  04$a304.873$223
=245  00$aTrends & policy.$pU.S. immigration.
=246  3\$aProQuest trends & policy : U.S. immigration
=246  3\$aProQuest trends & policy: US immigration
=246  3\$aProQuest trends and policy : United States immigration
=264  \1$a[Ann Arbor, Michigan] :$bProQuest,$c[2021]-
=300  \\$a1 online resource
=336  \\$atext$btxt$2rdacontent
=337  \\$acomputer$bc$2rdamedia
=338  \\$aonline resource$bcr$2rdacarrier
=506  \\$aAccess restricted to subscribing institutions.
=520  \\$aConnects United States immigration policies with data-driven results and trends of those policies, analytical reports, and news articles. Includes timelines, topic pages and data tools.
=588  0\$aContents viewed on October 4, 2023; title from resource homepage.
=650  \0$aEmigration and immigration law$zUnited States$vDatabases.
=650  \0$aEmigration and immigration law$zUnited States$vSources$vDatabases.
=651  \0$aUnited States$xEmigration and immigration$xGovernment policy$vDatabases.
=651  \0$aUnited States$xEmigration and immigration$xStatistics$vDatabases.
=650  \7$aEmigration and immigration.$2fast$0(OCoLC)fst00908690
=650  \7$aEmigration and immigration$xGovernment policy.$2fast$0(OCoLC)fst00908700
=650  \7$aEmigration and immigration law.$2fast$0(OCoLC)fst00908736
=651  \7$aUnited States.$2fast$0(OCoLC)fst01204155
=655  \2$aStatistics
=655  \2$aDatabase
=655  \7$adatabases.$2aat
=655  \7$aDatabases.$2fast$0(OCoLC)fst01411643
=655  \7$aSources.$2fast$0(OCoLC)fst01423900
=655  \7$aStatistics.$2fast$0(OCoLC)fst01423727
=655  \7$aStatistics.$2lcgft
=655  \7$aDatabases.$2lcgft
=655  \7$aStatistiques.$2rvmgf
=655  \7$aBases de données.$2rvmgf
=856  40$uhttps://trendspolicy.proquest.com
=856  42$3User's Guide$uhttps://proquest.libguides.com/trendsandpolicy
=852  \\$aBritish Library$bHMNTS$je-media
=CAT  \\$a3072$b40$c20231004$lBLL01$h1537
=FIN  \\$aY$d20231004
=SID  \\$aZ39$bOCLC
=STA  \\$aSUPPRESSED$bDatabase
=LAS  \\$a3072$b40$c20231004$lBLL01$h1537

