=LDR  02177cam a2200589 a 4500
=001  006889316
=003  Uk
=005  20230331160620.0
=008  011004s2002\\\\nyu\\\\\\b\\\\001\0\eng\\
=FMT  \\$a  BK
=010  \\$a2001052501
=015  \\$aGBA500143$2bnb
=020  \\$a1583913343 (cased) :$cNo price
=040  \\$aDLC$cDLC$dDLC$dUk
=042  \\$aukblsr
=043  \\$ae-gx---
=050  00$aRC455$b.V654 2002
=082  00$a616.8900943$222
=100  1\$aVolkan, Vamik D.,$d1932-
=245  14$aThe Third Reich in the unconscious :$btransgenerational transmission and its consequences /$cVamik D. Volkan, Gabriele Ast, and William F. Greer, Jr.
=260  \\$aNew York ;$aLondon :$bBrunner-Routledge,$c2002.
=300  \\$axvii, 211 p. ;$c24 cm.
=336  \\$atext$2rdacontent
=337  \\$aunmediated$2rdamedia
=338  \\$avolume$2rdacarrier
=504  \\$aIncludes bibliographical references and indexes.
=540  \\$aCurrent Copyright Fee: GBP34.00$c0$5Uk
=650  \0$aSocial psychiatry$zGermany$vCase studies.
=650  \0$aPsychoanalysis$vCase studies.$y1$za
=650  \0$aNational socialism$xPsychological aspects.
=650  \0$aWorld War, 1939-1945$zGermany$xPsychological aspects.
=650  \0$aPsychotherapy patients$xFamily relationships.
=650  \0$aIntergenerational relations.
=700  1\$aAst, Gabriele.
=700  1\$aGreer, William F.
=856  41$3Table of contents$uhttp://www.loc.gov/catdir/toc/fy043/2001052501.html
=852  41$aBritish Library$bDSC$jm05/.10149
=AQN  \\$aCLAIMED THRICE
=CAT  \\$aCONV$b00$c20040502$lBLL01$h1202
=CAT  \\$a6160$b40$c20050104$lBLL01$h0903
=CAT  \\$aBATCH$b00$c20091207$lBLL01$h0316
=CAT  \\$aW1711-1225$c20171203$lBLL01$h1014
=CAT  \\$aBATCH-CLAB$c20230324$lBLL01$h1346
=CAT  \\$aIPL-CLA$c20230331$lBLL01$h1606
=CFI  0\$aCurrent Copyright Fee: GBP34.00$c0$e01-apr-2023$fGBP34.00$g0$hC$5Uk
=FIN  \\$aY$d20050104
=LDO  \\$bhbk$c22/7/02
=NEG  \\$aNegative
=SID  \\$aZ39$bLOC
=SRC  \\$aLDS01$bbiblm.200404.2.aa
=STA  \\$aSUPPRESSED$bunable to determine reason for suppression
=LAS  \\$aIPL-CLA$b00$c20230331$lBLL01$h1606

