=LDR  02041 am a2200577 a 4500
=001  006902255
=003  Uk
=005  20050427140225.0
=008  031003s2004\\\\maua\\\\\\\\\\001\0\eng\\
=FMT  \\$a  BK
=010  \\$a2003066483
=015  \\$aGBA537205$2bnb
=016  7\$a006902255$2Uk
=020  \\$a0072834374 (alk. paper)
=040  \\$aDLC$cDLC$dDLC$dUk
=042  \\$aukblsr
=050  00$aT385$b.C667 2004
=082  00$a006.686$222
=100  10$aCoulthard, Glen J.
=245  10$aMicrosoft Office PowerPoint 2003 /$cGlen J. Coulthard, Sarah Hutchinson Clifford, Pat R. Graves.
=250  \\$aBrief ed.
=260  \\$aBoston ;$aLondon :$bMcGraw-Hill Technology Education,$cc2004.
=300  \\$a1 v. (various pagings) :$bcol. ill. ;$c28 cm.
=336  \\$atext$2rdacontent
=337  \\$aunmediated$2rdamedia
=338  \\$avolume$2rdacarrier
=490  1\$aAdvantage series
=500  \\$aIncludes index.
=650  \0$aComputer graphics.
=630  00$aMicrosoft PowerPoint (Computer file)
=650  \0$aBusiness presentations$xGraphic methods$xComputer programs.
=700  1\$aClifford, Sarah Hutchinson.
=700  1\$aGraves, Pat R.
=856  42$3Publisher description$uhttp://www.loc.gov/catdir/description/mh051/2003066483.html
=856  41$3Table of contents$uhttp://www.loc.gov/catdir/toc/mh051/2003066483.html
=830  \0$aAdvantage series.
=852  41$aBritish Library$bHMNTS$jYK.2005.b.981
=CAT  \\$aCONV$b00$c20040502$lBLL01$h1202
=CAT  \\$a6923$b40$c20050427$lBLL01$h0945
=CAT  \\$a6605$b40$c20050427$lBLL01$h1402
=CAT  \\$aBATCH$b00$c20091207$lBLL01$h0317
=CAT  \\$aBATCH$b00$c20091216$lBLL01$h2231
=CAT  \\$aWR16_021$c20160608$lBLL01$h1734
=CAT  \\$aBATCH-UPD$b00$c20160608$lBLL01$h2026
=CAT  \\$aW1711-1225$c20171203$lBLL01$h1015
=FIN  \\$aY$d20050427
=LDO  \\$aCIP
=SID  \\$aZ39$bLOC
=SRC  \\$aLDS01$bbiblm.200404.2.aa
=STA  \\$aSUPPRESSED$bunable to determine reason for suppression
=LAS  \\$aW1711-1225$b00$c20171203$lBLL01$h1015

