=LDR  01864 am a2200505 a 4500
=001  006904959
=003  Uk
=005  20050330091733.0
=008  031001s2004\\\\inua\\\\\\\\\\001\0\eng\\
=FMT  \\$a  BK
=010  \\$a2003021762  $z2003114875  
=015  \\$aGBA527401$2bnb
=016  7\$a006904959$2Uk
=020  \\$a0764544489$c£19.99
=040  \\$aDLC$cDLC$dDLC$dUk
=042  \\$aukblsr
=050  00$aTK5105.8885.D74$bD69 2004
=082  00$a005.72$222
=100  1\$aDoyle, Michael,$d1957-
=245  10$aMaximum Dreamweaver :$b85 add-ons to supercharge your development /$cMichael Doyle, Dan DeRose.
=260  \\$aIndianapolis, IN ;$a[Great Britain] :$bWiley Pub.,$cc2004.
=300  \\$axvi, 294 p. :$bill. ;$c24 cm. +$e1 CD-ROM (4 3/4 in.)
=336  \\$atext$2rdacontent
=337  \\$aunmediated$2rdamedia
=338  \\$avolume$2rdacarrier
=500  \\$aIncludes index.
=630  00$aDreamweaver (Computer file)
=650  \0$aWeb sites$xDesign.
=700  1\$aDeRose, Dan,$d1979-
=856  42$3Contributor biographical information$uhttp://www.loc.gov/catdir/bios/wiley046/2003021762.html
=856  42$3Publisher description$uhttp://www.loc.gov/catdir/description/wiley041/2003021762.html
=856  41$3Table of contents$uhttp://www.loc.gov/catdir/toc/wiley041/2003021762.html
=852  41$aBritish Library$bHMNTS$jEMC.2005.a.337
=CAT  \\$aCONV$b00$c20040502$lBLL01$h1203
=CAT  \\$a6923$b40$c20050324$lBLL01$h1329
=CAT  \\$a9678$b40$c20050330$lBLL01$h0917
=CAT  \\$aBATCH$b00$c20091207$lBLL01$h0317
=CAT  \\$aWR16_021$c20160608$lBLL01$h1735
=CAT  \\$aW1711-1225$c20171203$lBLL01$h1015
=FIN  \\$aY$d20050330
=LDO  \\$aCIP
=SRC  \\$aLDS01$bbiblm.200404.2.aa
=SRC  \\$aBLL02
=STA  \\$aSUPPRESSED$bunable to determine reason for suppression
=LAS  \\$aW1711-1225$b00$c20171203$lBLL01$h1015

