=LDR  01972 am a2200529 a 4500
=001  006909651
=003  Uk
=005  20050331155531.0
=008  031218s2004\\\\njua\\\\\\\\\\001\0\eng\\
=FMT  \\$a  BK
=010  \\$a  2003116748
=015  \\$aGBA527585$2bnb
=016  7\$a006909651$2Uk
=020  \\$a0764541749 (pbk.)$c£24.50
=040  \\$aDLC$cDLC$dDLC$dUk
=042  \\$aukblsr
=050  00$aTR267.5. A3$bG46 2004
=082  00$a006.686$222
=100  1\$aGeorges, Gregory.
=245  10$a50 fast Photoshop CS techniques /$cGregory Georges.
=246  3\$aFifty fast Photoshop CS techniques
=260  \\$aHoboken, NJ :$a[Great Britain] :$bWiley Pub.,$cc2004.
=300  \\$axxviii, 355 p. :$bcol. ill. ;$c23 cm. +$e1 CD-ROM (4 3/4 in.)
=336  \\$atext$2rdacontent
=337  \\$aunmediated$2rdamedia
=338  \\$avolume$2rdacarrier
=500  \\$a"Step-by-step techniques for creating professional -quality images"--Cover.
=500  \\$aIncludes index.
=650  \0$aPhotography$xDigital techniques.
=650  \0$aImage processing$xDigital techniques.
=630  00$aAdobe Photoshop.
=856  42$3Contributor biographical information$uhttp://www.loc.gov/catdir/bios/wiley046/2003116748.html
=856  41$3Table of contents$uhttp://www.loc.gov/catdir/toc/wiley041/2003116748.html
=856  42$3Publisher description$uhttp://www.loc.gov/catdir/description/wiley041/2003116748.html
=852  41$aBritish Library$bHMNTS$jEMC.2005.a.51
=CAT  \\$aCONV$b00$c20040502$lBLL01$h1203
=CAT  \\$a12321$b40$c20050324$lBLL01$h1259
=CAT  \\$a9678$b40$c20050331$lBLL01$h1555
=CAT  \\$aBATCH$b00$c20091207$lBLL01$h0318
=CAT  \\$aWR16_021$c20160608$lBLL01$h1736
=CAT  \\$aW1711-1225$c20171203$lBLL01$h1015
=FIN  \\$aY$d20050331
=LDO  \\$aCIP
=SRC  \\$aLDS01$bbiblm.200404.2.aa
=SRC  \\$aBLL02
=STA  \\$aSUPPRESSED$bunable to determine reason for suppression
=LAS  \\$aW1711-1225$b00$c20171203$lBLL01$h1015

