=LDR  02052 am a2200577 a 4500
=001  006911800
=003  Uk
=005  20060515112629.0
=008  030807s2002\\\\ii\ab\\\\b\\\\001\0\eng\c
=FMT  \\$a  BK
=010  \\$a2003276087
=015  \\$aGBA647229$2bnb
=016  7\$a006911800$2Uk
=020  \\$a0195661125$cNo price
=035  \\$a(OCoLC)ocm50904341
=040  \\$aTJC$cTJC$dDLC$dUk
=042  \\$aukblsr
=043  \\$aa-ii---
=050  00$aHD9886.I43$bB65 2002
=082  00$a338.47677210954792$222
=100  10$aD'Monte, Darryl.
=245  10$aRipping the fabric :$bthe decline of Mumbai and its mills /$cDarryl D'Monte.
=246  30$aDecline of Mumbai and its mills
=260  \\$aNew Delhi ;$aOxford :$bOxford University Press,$c2002.
=300  \\$axii, 291 p. :$bill., maps ;$c23 cm.
=336  \\$atext$2rdacontent
=337  \\$aunmediated$2rdamedia
=338  \\$avolume$2rdacarrier
=504  \\$aIncludes bibliographical references and index.
=650  \0$aCotton textile industry$zIndia$zBombay.
=650  \0$aTextile factories$zIndia$zBombay.
=650  \0$aLand use$zIndia$zBombay.
=650  \0$aLand use, Urban$xGovernment policy$zIndia$zBombay.
=651  \0$aBombay (India)$xEconomic conditions.
=651  \0$aBombay (India)$xEconomic policy.
=650  \0$aUrban policy$zIndia$zBombay.
=856  42$3Publisher description$uhttp://www.loc.gov/catdir/enhancements/fy0615/2003276087-d.html
=852  41$aBritish Library$bHMNTS$jYC.2006.a.10863
=CAT  \\$aCONV$b00$c20040502$lBLL01$h1203
=CAT  \\$a10775$b40$c20050408$lBLL01$h0813
=CAT  \\$a6605$b40$c20060515$lBLL01$h1126
=CAT  \\$aBATCH$b00$c20091207$lBLL01$h0318
=CAT  \\$aBATCH-UPD$b00$c20100728$lBLL01$h1616
=CAT  \\$aWR16_021$c20160608$lBLL01$h1736
=CAT  \\$aW1711-1225$c20171203$lBLL01$h1015
=FIN  \\$aY$d20060515
=LDO  \\$aCIP
=SID  \\$aZ39$bLOC
=SRC  \\$aLDS01$bbiblm.200404.2.aa
=STA  \\$aSUPPRESSED$bunable to determine reason for suppression
=LAS  \\$aW1711-1225$b00$c20171203$lBLL01$h1015

