=LDR  02192 am a2200589 a 4500
=001  006929614
=003  Uk
=005  20061129171750.0
=008  000504s2001\\\\enk\\\\\\bf\\\001\0\eng\\
=FMT  \\$a  BK
=010  \\$a   00034465 
=015  \\$aGBA6A1249$2bnb
=016  7\$a006929614$2Uk
=020  \\$a0415223504 (cased) :$cNo price
=020  \\$a0415223512 (pbk.) :$cNo price
=040  \\$aDLC$cDLC$dDLC$dUk
=042  \\$aukblsr
=043  \\$ae-uk---
=050  00$aLB2831$b.D295 2001
=082  00$a379.15310941$221
=100  1\$aDean, Joan,$d1925-
=245  14$aThe effective school governor /$cJoan Dean.
=260  \\$bRoutledge/Falmer,$c2001
=260  \\$aLondon ;$aNew York :$bRoutledgeFalmer,$c2001.
=300  \\$aix, 154 p. ;$c24 cm.
=336  \\$atext$2rdacontent
=337  \\$aunmediated$2rdamedia
=338  \\$avolume$2rdacarrier
=504  \\$aIncludes bibliographical references (p. [144]-146) and index.
=650  \0$aSchool boards$zGreat Britain$vHandbooks, manuals, etc.
=650  \0$aSchool board members$zGreat Britain$vHandbooks, manuals, etc.
=650  \0$aEducational leadership$zGreat Britain$vHandbooks, manuals, etc.
=650  \0$aSchool management and organization$zGreat Britain$vHandbooks, manuals, etc.
=856  42$3Publisher description$uhttp://www.loc.gov/catdir/enhancements/fy0650/00034465-d.html
=852  41$aBritish Library$bHMNTS$jYK.2006.a.18816
=CAT  \\$aCONV$b00$c20040502$lBLL01$h1203
=CAT  \\$a12328$b40$c20050922$lBLL01$h1536
=CAT  \\$a12328$b40$c20050922$lBLL01$h1537
=CAT  \\$a8299$b40$c20050927$lBLL01$h0939
=CAT  \\$a8202$b40$c20061129$lBLL01$h1717
=CAT  \\$aBATCH$b00$c20091207$lBLL01$h0319
=CAT  \\$aBATCH$b00$c20091214$lBLL01$h0156
=CAT  \\$aBATCH$b00$c20091216$lBLL01$h0029
=CAT  \\$a11244$b40$c20110817$lBLL01$h1622
=CAT  \\$aWR16_021$c20160608$lBLL01$h1740
=CAT  \\$aW1711-1225$c20171203$lBLL01$h1016
=FIN  \\$aY$d20061129
=LDO  \\$aPros$bhbk$c20/12/01
=SRC  \\$aLDS01$bbiblm.200404.2.aa
=SRC  \\$aBLL02$bpart.2.aa
=STA  \\$aSUPPRESSED$bunable to determine reason for suppression
=LAS  \\$aW1711-1225$b00$c20171203$lBLL01$h1016

