=LDR  01991 am a2200553 a 4500
=001  006929676
=003  Uk
=005  20050331110044.0
=008  031029s2004\\\\njua\\\\\\\\\\001\0\eng\\
=FMT  \\$a  BK
=010  \\$a  2003114794
=015  \\$aGBA527507$2bnb
=016  7\$a006929676$2Uk
=020  \\$a0764555251 (pbk.) :$c£14.99
=040  \\$aDLC$cDLC$dDLC$dUk
=042  \\$aukblsr
=050  00$aHF5679$b.N44994 2004
=082  00$a657.9042028555$222
=100  1\$aNelson, Stephen L.,$d1959-
=245  10$aQuickbooks 2004 for dummies /$cStephen L. Nelson.
=260  \\$aHoboken, NJ ;$a[Great Britain] :$bWiley Pub.,$cc2004.
=300  \\$axiv, 370 p. :$bill. ;$c24 cm.
=336  \\$atext$2rdacontent
=337  \\$aunmediated$2rdamedia
=338  \\$avolume$2rdacarrier
=490  1\$a--For dummies
=500  \\$aIncludes index.
=630  00$aQuickBooks.
=650  \0$aSmall business$xAccounting$xComputer programs.
=650  \0$aSmall business$xFinance$xComputer programs.
=856  42$3Contributor biographical information$uhttp://www.loc.gov/catdir/bios/wiley047/2003114794.html
=856  42$3Publisher description$uhttp://www.loc.gov/catdir/description/wiley041/2003114794.html
=856  41$3Table of contents$uhttp://www.loc.gov/catdir/toc/wiley041/2003114794.html
=830  \0$a--For dummies.
=852  41$aBritish Library$bHMNTS$jYK.2005.a.2101
=CAT  \\$aCONV$b00$c20040502$lBLL01$h1203
=CAT  \\$a12325$b40$c20050324$lBLL01$h1316
=CAT  \\$a9678$b40$c20050331$lBLL01$h1100
=CAT  \\$aBATCH$b00$c20091207$lBLL01$h0319
=CAT  \\$aBATCH$b00$c20091216$lBLL01$h2234
=CAT  \\$aWR16_021$c20160608$lBLL01$h1740
=CAT  \\$aBATCH-UPD$b00$c20160608$lBLL01$h2105
=CAT  \\$aW1711-1225$c20171203$lBLL01$h1016
=FIN  \\$aY$d20050331
=LDO  \\$aCIP
=SRC  \\$aLDS01$bbiblm.200404.2.aa
=SRC  \\$aBLL02
=STA  \\$aSUPPRESSED$bunable to determine reason for suppression
=LAS  \\$aW1711-1225$b00$c20171203$lBLL01$h1016

