=LDR  02293 am a2200589 a 4500
=001  006954701
=003  Uk
=005  20050512133122.0
=008  031016s2004\\\\nyu\\\\\\b\\\\001\0\eng\\
=FMT  \\$a  BK
=010  \\$a2003022680  
=015  \\$aGBA539039$2bnb
=016  7\$a006954701$2Uk
=020  \\$a019516640X (cloth : alk. paper) :$cNo price
=020  \\$a0195166418 (pbk. : alk. paper) :$cNo price
=040  \\$aDLC$cDLC$dDLC$dUk
=050  00$aPK1428.T36$bZ9 2004
=082  00$a294.382$222
=130  0\$aTantras.$kSelections.$lEnglish.
=245  10$aTantric treasures :$bthree collections of mystical verse from Buddhist India /$cintroduced, translated, and annotated by Roger R. Jackson.
=260  \\$aNew York ;$a[Great Britain] :$bOxford University Press,$c2004.
=300  \\$axi, 168 p. ;$c25 cm.
=336  \\$atext$2rdacontent
=337  \\$aunmediated$2rdamedia
=338  \\$avolume$2rdacarrier
=500  \\$aIncludes bibliographical referencesand index.
=700  0\$aKr̥ṣṇavajrapāda,$dactive 11th century.$tDohākośa.
=700  0\$aSarahapāda,$dactive 8th century.$tDohākoʹsa.
=700  0\$aTillopāda,$d988-1069.$tDohākośa.
=700  1\$aJackson, Roger R.$q(Roger Reid),$d1950-
=856  41$3Table of contents$uhttp://www.loc.gov/catdir/toc/ecip0410/2003022680.html
=852  41$aBritish Library$bHMNTS$jYC.2005.a.2669
=985  \\$aRecord amended for WR# 13/070
=CAT  \\$aCONV$b00$c20040502$lBLL01$h1203
=CAT  \\$a8479$b40$c20040708$lBLL01$h1153
=CAT  \\$a8479$b40$c20040708$lBLL01$h1154
=CAT  \\$a8202$b40$c20050504$lBLL01$h1621
=CAT  \\$a8202$b40$c20050506$lBLL01$h1613
=CAT  \\$a8202$b40$c20050512$lBLL01$h1331
=CAT  \\$aBATCH-UPD$b40$c20071213$lBLL01$h2107
=CAT  \\$aBATCH$b00$c20091207$lBLL01$h0321
=CAT  \\$aWR13_070$b00$c20130504$lBLL01$h0143
=CAT  \\$aWR16_021$c20160609$lBLL01$h1941
=CAT  \\$aBATCH-UPD$b00$c20160609$lBLL01$h2008
=CAT  \\$aW1711-1225$c20171203$lBLL01$h1017
=CAT  \\$aBATCH-UPD$b00$c20190313$lBLL01$h2028
=FIN  \\$aY$d20050504
=LDO  \\$bhbk$c7/4/04
=SRC  \\$aLDS01$bbiblm.200404.2.aa
=SRC  \\$aBLL02
=STA  \\$aSUPPRESSED$bunable to determine reason for suppression
=LAS  \\$aBATCH-UPD$b00$c20190313$lBLL01$h2028

