=LDR  01763cem a2200421 i 4500
=001  019486013
=003  Uk
=005  20230223170952.0
=007  aj\canzn
=008  190801s1905\\\\cl\bg\\\\\a\\\\\0\\\spa\\
=FMT  \\$a  MP
=034  1\$aa$b1000000$dW0720000$eW0660000$fS0223000$gS0280000$2bound
=040  \\$aUk$beng$cUk$erda
=042  \\$aukblsr
=082  04$a912.831$223
=245  00$aMapa jeografico de la Puna de Atacama /$cRepublica de Chile, Oficina de Límites.
=255  \\$aScale 1:1,000,000$c(W 72°00'00"--W 66°00'00"/S 22°30'00"--S 28°00'00").
=264  \1$a[Santiago] :$b[Litografía Suiza],$c1905.
=300  \\$a1 map :$bcolour ;$c61 x 59 cm
=336  \\$acartographic image$2rdacontent
=337  \\$aunmediated$2rdamedia
=338  \\$asheet$2rdacarrier
=500  \\$aRelief shown by shading and spot heights.
=500  \\$aShows roads, railways, mines and mineral deposits in the provinces of Antofagasta, Atacama, and part of Argentina.
=500  \\$aIncludes legend.
=546  \\$aText in Spanish.
=651  \0$aAtacama Plateau (Argentina and Chile)$vMaps.
=655  \7$aMaps.$2fast$0(OCoLC)fst01423704
=655  \7$aPhysical maps.$2fast$0(OCoLC)fst01423806
=856  41$3View a digital version in the Beinecke Library's Digital Images Online database$uhttp://beinecke.library.yale.edu/dl_crosscollex/brbldl_getrec.asp?fld=img&id=15823829
=852  41$aBritish Library$bMAPS$jMaps X.16387.
=985  \\$aUpdated by MS generated file for WR2302-017
=CAT  \\$a14317$b40$c20190801$lBLL01$h1027
=CAT  \\$a14317$b40$c20190801$lBLL01$h1029
=CAT  \\$aW2302-0174$c20230223$lBLL01$h2041
=FIN  \\$aY$d20190801
=STA  \\$aSUPPRESSED$bRequires conservation 1/8/19
=LAS  \\$aW2302-0174$b00$c20230223$lBLL01$h2041

