=LDR  02454aam a2200553 i 4500
=001  016983554
=003  Uk
=005  20160609212623.0
=008  141118s2015\\\\enk\\\\\\\\\\\000|0|eng\d
=FMT  \\$a  BK
=010  \\$a2014034655  
=015  \\$aGBB4E9891$2bnb
=016  7\$a016983554$2Uk
=020  \\$a9781107066953 (hbk.) :$c£65.00
=020  \\$z9781316236758 (PDF ebook) :$cNo price
=040  \\$aStDuBDS$beng$cStDuBDS$dUk$erda
=042  \\$aukblsr
=082  00$a347.42012$223
=100  1\$aGee, Graham,$eauthor.
=245  14$aThe politics of judicial independence in the UK's changing constitution /$cGraham Gee, Robert Hazell, Kate Malleson, Patrick O'Brien.
=264  \1$aCambridge :$bCambridge University Press,$c2015.
=300  \\$ax, 293 pages ;$c23 cm.
=336  \\$atext$2rdacontent
=336  \\$astill image$2rdacontent
=337  \\$aunmediated$2rdamedia
=338  \\$avolume$2rdacarrier
=500  \\$aFormerly CIP.$5Uk
=505  8\$aMachine generated contents note: Preface; 1. Introduction; 2. The politics of judicial independence and accountability; 3. The new Lord Chancellors and the Executive; 4. The courts service, salaries and pensions; 5. Relations between judges and parliament; 6. Judicial leadership and the internal governance of the Judiciary; 7. Judicial appointments; 8. The UK Supreme Court; 9. Scotland and Northern Ireland; 10. Conclusion.
=650  \0$aJudicial independence$zGreat Britain.
=650  \7$aLAW / Constitutional.$2bisacsh
=651  \0$aGreat Britain$xPolitics and government$y2007-
=700  1\$aHazell, Robert,$eauthor.
=700  1\$aMalleson, Kate,$eauthor.
=700  1\$aO'Brien, Patrick,$d1981-$eauthor.
=776  08$iebook version:$z9781316236758
=856  42$3Cover image$uhttp://assets.cambridge.org/97811070/66953/cover/9781107066953.jpg
=852  41$aBritish Library$bHMNTS$jSPIS347.42012
=BUF  \\$aN$d20150413
=CAT  \\$aBATCH-CIPN$b00$c20141216$lBLL01$h1700
=CAT  \\$aBATCH-CIPC$b00$c20150303$lBLL01$h1703
=CAT  \\$a11373$b40$c20150413$lBLL01$h1530
=CAT  \\$a14152$b40$c20150522$lBLL01$h0952
=CAT  \\$a14152$b40$c20150522$lBLL01$h0959
=CAT  \\$aBATCH-BUOC$b00$c20160609$lBLL01$h2126
=CAT  \\$aWR16_021$c20160716$lBLL01$h1810
=CAT  \\$aW1611-0866$c20161123$lBLL01$h1751
=FIN  \\$aY$d20150413
=STA  \\$aSUPPRESSED$bWithdrawn from collection at publisher request
=LAS  \\$aW1611-0866$b00$c20161123$lBLL01$h1751

