=LDR  02033cam a2200529 a 4500
=001  015459710
=003  Uk
=005  20100108173536.0
=008  090708s2009\\\\ja\a\\\\\b\\\\001\0\jpn\d
=FMT  \\$a  BK
=010  \\$a  2009446837
=020  \\$a9784275008169
=020  \\$a4275008162
=035  \\$a(OCoLC)ocn308165735
=040  \\$aTRCLS$cTRCLS$dUIU$dDLC
=042  \\$alccopycat
=043  \\$aa-cc---
=050  00$aDS779.27$b.T33 2009
=245  00$6880-01$aTaitō Chūgoku no taigai kankei /$cNakai Yoshifumi hencho ;Tabata Mitsunaga ... [et al.].
=260  \\$6880-02$aTōkyō :$bOchanomizu Shobō,$c2009.
=300  \\$a187 p. :$bill. ;$c21 cm.
=336  \\$atext$2rdacontent
=337  \\$aunmediated$2rdamedia
=338  \\$avolume$2rdacarrier
=490  1\$6880-03$aGakushūin Daigaku Tōyō bunka kenkyū sōsho
=504  \\$aIncludes bibliographical references and index.
=651  \0$aChina$xForeign relations$y1976-
=651  \0$aChina$xForeign relations$zAsia.
=651  \0$aChina$xForeign relations$zUnited States.
=700  1\$6880-06$aNakai, Yoshifumi.
=700  1\$6880-07$aTabata, Mitsunaga.
=880  00$6245-01/{dollar}1$a台頭中国の対外関係 /$c中居良文編著 ; 田畑光永 ... [et al].
=880  \\$6260-02/{dollar}1$a東京 :$b御茶の水書房,$c2009.
=880  \0$6440-03/{dollar}1$a学習院大学東洋文化研究叢書
=880  1\$6700-06/{dollar}1$a中居良文.
=856  41$3Table of contents only$uhttp://www.loc.gov/catdir/toc/fy10pdf01/2009446837.html
=880  1\$6700-07/{dollar}1$a田畑光永.
=830  \0$6880-03$aGakushūin Daigaku Tōyō bunka kenkyū sōsho
=852  41$aBritish Library$bOC$jYP.2010.a.1447
=CAT  \\$a2717$b40$c20100108$lBLL01$h1735
=CAT  \\$aBATCH-UPD$b40$c20100108$lBLL01$h1736
=CAT  \\$aWR12170$c20121116$lBLL01$h1703
=CAT  \\$aBATCH-UPD$b00$c20151011$lBLL01$h2047
=CAT  \\$aW2308-1659$c20230923$lBLL01$h1051
=SRC  \\$aBLL02
=STA  \\$aSUPPRESSED$bPreliminary Record
=LAS  \\$aW2308-1659$b00$c20230923$lBLL01$h1051

