=LDR  02193cam a2200529 a 4500
=001  015591015
=003  Uk
=005  20100630155630.0
=008  100512s2009\\\\ja\ab\\\\b\\\\000\0\jpn\\
=FMT  \\$a  BK
=010  \\$a2010400927
=040  \\$aDLC$cDLC$dDLC
=041  0\$ajpn$aeng
=043  \\$aa-ja---
=050  00$aNB1296.3$b.K65 2009
=066  \\$c{dollar}1
=245  00$6880-01$aKokuhō dogū ten :$bBunkachō kaigai ten, Daiei Hakubutsukan kikoku kinen = The power of dogu /$c[henshū Bunkachō ... [et al.]].
=246  30$6880-02$aDogū ten
=246  31$aPower of dogu
=246  3\$aKokuhō dogūten
=260  \\$6880-03$a[Tokyo] :$bNHK :$bNHK Puromōshon :$bMainichi Shinbunsha,$c2009.
=300  \\$a123 p. :$bchiefly col. ill., map ;$c30 cm.
=336  \\$atext$2rdacontent
=337  \\$aunmediated$2rdamedia
=338  \\$avolume$2rdacarrier
=500  \\$aCatalog of an exhibition held at Tōkyō Kokuritsu Hakubutsukan, Dec. 15, 2009-Feb. 21, 2010.
=546  \\$aText in Japanese and English.
=504  \\$aIncludes bibliographical references.
=650  \0$aFigure sculpture$zJapan$vExhibitions.
=650  \0$aCeramic sculpture, Japanese$vEarly works to 1800$vExhibitions.
=710  1\$6880-04.$aJapan.$bBunkachō.
=710  2\$6880-05$aTōkyō Kokuritsu Hakubutsukan.
=880  00$6245-01/{dollar}1$a国宝土偶展 :$b文化庁海外展, 大英博物館帰国記念 = The power of dogu /$c[編集文化庁 ... [et al.]].
=880  30$6246-02/{dollar}1$a土偶展
=880  \\$6260-03/{dollar}1$a[Tokyo] :$bNHK :$bNHK プロモーション :$b每日新聞社,$c2009.
=880  2\$6710-04/{dollar}1$aJapan.$b文化庁.
=856  41$3Table of contents only$uhttp://www.loc.gov/catdir/toc/fy10pdf02/2010400927.html
=880  2\$6710-05/{dollar}1$a東京国立博物館.
=852  41$aBritish Library$bOC$jYP.2010.b.565
=CAT  \\$a2717$b40$c20100630$lBLL01$h1556
=CAT  \\$aWR12170$c20121116$lBLL01$h1703
=CAT  \\$aBATCH-UPD$b00$c20121116$lBLL01$h1823
=CAT  \\$aBATCH-UPD$b00$c20200810$lBLL01$h2027
=CAT  \\$aW2308-1659$c20230923$lBLL01$h1057
=SID  \\$aZ39$bLOC
=STA  \\$aSUPPRESSED$bPreliminary Record
=LAS  \\$aW2308-1659$b00$c20230923$lBLL01$h1057

