=LDR  01927 am a2200529 a 4500
=001  015638160
=003  Uk
=005  20100831142130.0
=008  090710s2009\\\\ja\a\\\\\b\\\\000\0\jpn\c
=010  \\$a2010381563
=020  \\$a9784902084146
=020  \\$a4902084147
=035  \\$a(OCoLC)429017771
=040  \\$aUk$beng$cUk
=042  \\$aukblsr
=042  \\$apcc
=043  \\$aa-ja---
=050  00$aPL726.35$b.E288 2009
=084  \\$a910.25$2njb
=245  00$6880-01$aEdo bungaku kara no kakehashi :$bcha, sho, bijutsu, Bukkyō /$cKusumoto Mutsuo hen.
=246  3\$aEdo bungaku kara no kakyō
=260  \\$6880-02$aTōkyō :$bChikurinsha,$c2009.
=300  \\$a485 p. :$bill. ;$c22 cm.
=336  \\$atext$2rdacontent
=337  \\$aunmediated$2rdamedia
=338  \\$avolume$2rdacarrier
=504  \\$aIncludes bibliographical references.
=650  \0$aJapanese literature$yEdo period, 1600-1868$xHistory and criticism.
=650  \0$aJapanese tea ceremony in literature.
=650  \0$aCalligraphy in literature.
=650  \0$aArt and literature$zJapan$xHistory.
=650  \0$aBuddhism and literature$zJapan$xHistory.
=653  \\$6880-03$aNihonbungaku$aRekishi$aEdojidai.
=700  1\$6880-04$aKusumoto, Mutsuo,$d1947-
=852  41$aBritish Library$bOC$jYP.2010.a.6238
=856  41$3Table of contents only$uhttp://www.loc.gov/catdir/toc/fy10pdf02/2010381563.html
=880  00$6245-01$a江戶文学からの架橋 :$b茶・書・美術・仏教 /$c楠元六男編.
=880  \\$6260-02$a東京 :$b竹林舎,$c2009.
=880  \\$6653-03$a日本文学$a歴史$a江戶時代.
=880  1\$6700-04$a楠元六男,$d1947-
=CAT  \\$a11693$b40$c20100831$lBLL01$h1421
=CAT  \\$aBATCH-UPD$b40$c20100831$lBLL01$h1422
=CAT  \\$aWR12170$c20121116$lBLL01$h1703
=FMT  \\$a  BK
=LAS  \\$aWR12170$b00$c20121116$lBLL01$h1703
=SID  \\$aZ39$bOCLC
=STA  \\$aSUPPRESSED$bPreliminary Record

