=LDR  02888cam a2200637 a 4500
=001  015724899
=003  Uk
=005  20101229180056.0
=008  090717s2008\\\\ja\a\\\\\\\\\\000\0\jpn\\
=FMT  \\$a  BK
=010  \\$a2009453764
=020  \\$a9784906536429
=020  \\$a4906536425
=035  \\$a(OCoLC)320496645
=040  \\$aDLC$beng$cDLC$dLWU$dOCLCQ
=041  0\$ajpn$aita
=043  \\$ae-it---
=050  00$aN6915$b.U786 2008
=084  \\$a702.3$2njb
=245  00$6880-01$aUrubīno no vīnasu :$bkodai kara runesansu, bi no megami no keifu = La "Venere di Urbino" : mito e immagine di una dea dallʾantichità al Rinascimento /$c[sekinin henshū Watanabe Shinsuke ; henshū̄ Watanabe Shinsuke, Kanayama Hiromasa ; Yomiuri Shinbun Tōkyō Honsha Bunka Jigyōbū].
=246  31$aVenere di Urbino :$bmito e immagine di una dea dallʾantichità al Rinascimento
=260  \\$6880-02$aTōkyō :$bYomiuri Shinbun Tōkyō Honsha,$c2008.
=300  \\$a280 p. :$bcol. ill. ;$c29 cm.
=336  \\$atext$2rdacontent
=337  \\$aunmediated$2rdamedia
=338  \\$avolume$2rdacarrier
=500  \\$aCatalog of an exhibition held at Kokuritsu Seiyō Bijutsukan, Mar. 4-May 18, 2008.
=650  \0$aArt, Italian$vExhibitions.
=650  \0$aArt, Renaissance$zItaly$vExhibitions.
=650  \0$aWomen in art$vExhibitions.
=653  \\$6880-03$aBijutsu (seiyō)$aZushū
=653  \\$6880-04$aVīnasu.
=700  1\$6880-05$aWatanabe, Shinsuke,$d1972-
=700  1\$6880-06$aKanayama, Hiromasa.
=710  2\$6880-07$aYomiuri Shinbunsha.
=710  2\$6880-08$aKokuritsu Seiyō Bijutsukan.
=856  41$3Table of contents only$uhttp://catdir.loc.gov/catdir/toc/fy10pdf02/2009453764.html
=880  00$6245-01$aウルビーノのヴィーナス :$b古代からルネサンス, 美の女神の系譜 = La "Venere di Urbino" : mito e immagine di una dea dallʾantichità al Rinascimento /$c[責任編集渡辺晋輔 ; 編集渡辺晋輔, 金山弘昌 ; 読売新聞東京本社文化事業部].
=880  \\$6260-02$a東京 :$b読売新聞東京本社,$c2008.
=880  \\$6500-00$a会期・会場:2008年3月4日-5月18日国立西洋美術館.
=880  \\$6504-00$a文献あり.
=880  \\$6653-03$a美術(西洋)$a図集
=880  \\$6653-04$aヴィーナス.
=880  1\$6700-05$a渡辺晋輔,$d1972-
=880  1\$6700-06$a金山弘昌.
=880  2\$6710-07$a読売新聞社.
=880  2\$6710-08$a国立西洋美術館.
=852  41$aBritish Library$bOC$jLP.31.a.468
=CAT  \\$a2717$b40$c20101229$lBLL01$h1800
=CAT  \\$aBATCH-UPD$b40$c20101229$lBLL01$h1801
=CAT  \\$aWR12170$c20121116$lBLL01$h1704
=CAT  \\$aBATCH-UPD$b00$c20160721$lBLL01$h2126
=CAT  \\$aW2308-1659$c20230923$lBLL01$h1104
=SID  \\$aZ39$bOCLC
=STA  \\$aSUPPRESSED$bPreliminary Record
=LAS  \\$aW2308-1659$b00$c20230923$lBLL01$h1104

