=LDR  02120 am a2200529 i 4500
=001  016124292
=003  Uk
=005  20120724095357.0
=008  110727s2010\\\\au\ab\\\\b\\\\000\0|ger\c
=FMT  \\$a  BK
=020  \\$a9783902601261
=020  \\$a3902601264
=035  \\$a(OCoLC)743067076
=040  \\$aSTF$beng$cSTF$dUk$erda
=042  \\$aukblsr
=043  \\$ae-au---
=050  \4$aQB36.R38$bR44 2010
=245  00$aRheticus :$bWegbereiter der Neuzeit (1514-1574) : eine Würdigung /$cGerhard Wanner, Philipp Schöbi-Fink (Hg.).
=260  \\$aFeldkirch :$bRheticus-Gesellschaft,$c2010.
=300  \\$a165 pages :$billustrations (black and white, and colour), 2 maps (colour) ;$c24 cm.
=336  \\$atext$2rdacontent
=337  \\$aunmediated$2rdamedia
=338  \\$avolume$2rdacarrier
=490  1\$aSchriftenreihe der Rheticus-Gesellschaft ;$v51
=504  \\$aIncludes bibliographical references.
=600  10$aRhäticus, Georg Joachim,$d1514-1576.
=650  \0$aAstronomers$zAustria$zFeldkirch$vBiography.
=600  10$aRhäticus, Georg Joachim,$d1514-1576$xMonuments$zAustria$zFeldkirch.
=700  1\$aWanner, Gerhard,$d1939-$eeditor of compilation.
=700  1\$aSchöbi-Fink, Philipp,$eeditor of compilation.
=776  08$iOnline version:$tRheticus.$w(OCoLC)757282129$dFeldkirch : Rheticus-Gesellschaft, 2010
=710  2\$aRheticus-Gesellschaft.
=830  \0$aSchriftenreihe der Rheticus-Gesellschaft ;$v51.
=856  42$3Table of contents$uhttp://swbplus.bsz-bw.de/bsz33443730Xinh.htm
=852  41$aBritish Library$bHMNTS$jX.0700/3034(51)
=985  \\$aRDA test AM
=CAT  \\$a8197$b40$c20120712$lBLL01$h1526
=CAT  \\$a11312$b40$c20120719$lBLL01$h1159
=CAT  \\$a11312$b40$c20120724$lBLL01$h0953
=CAT  \\$aBATCH-UPD$b40$c20120804$lBLL01$h0158
=CAT  \\$aBATCH-UPD$b40$c20120823$lBLL01$h1042
=CAT  \\$aBATCH-UPD$b40$c20150923$lBLL01$h2038
=CAT  \\$aW1711-1225$c20171203$lBLL01$h1049
=FIN  \\$aY$d20120719
=SID  \\$aZ39$bOCLC
=STA  \\$aSUPPRESSED$bunable to determine reason for suppression
=LAS  \\$aW1711-1225$b00$c20171203$lBLL01$h1049

