=LDR  02192 am a2200553 i 4500
=001  016170756
=003  Uk
=005  20120927160920.0
=008  110729s2011\\\\sw\ab\\\\b\\\\001\0\eng\c
=FMT  \\$a  BK
=010  \\$a  2011464482
=020  \\$a9789185509379
=020  \\$a918550937X
=035  \\$a(OCoLC)ocn712124308
=040  \\$aBTCTA$beng$cBTCTA$dOHX$dCDX$dYDXCP$dBWX$dCGU$dDLC$dUk$erda
=042  \\$aukblsr
=043  \\$aev-----
=050  00$aBL870.A55$bJ46 2011
=082  04$a293.13$223$qUK-WkNB
=100  1\$aJennbert, Kristina.
=245  10$aAnimals and humans :$brecurrent symbiosis in archaeology and Old Norse religion /$cKristina Jennbert.
=260  \\$aLund, Sweden :$bNordic Academic Press,$c[2011]
=300  \\$a272 pages :$billustrations (black and white), maps (black and white) ;$c23 cm.
=336  \\$atext$2rdacontent
=337  \\$aunmediated$2rdamedia
=338  \\$avolume$2rdacarrier
=490  1\$aVägar till Midgård,$x1650-5905 ;$v14
=504  \\$aIncludes bibliographical references and index.
=650  \0$aHuman-animal relationships$zScandinavia.
=650  \0$aHuman-animal relationships$zScandinavia$xReligious aspects.
=650  \0$aMythology, Norse.
=650  \0$aAntiquities, Prehistoric$zScandinavia.
=650  \0$aViking antiquities$zScandinavia.
=651  \0$aScandinavia$xAntiquities.
=830  \0$aVägar till Midgård ;$v14.
=856  42$3Publisher description$uhttp://www.loc.gov/catdir/enhancements/fy1202/2011464482-d.html
=856  42$3Contributor biographical information$uhttp://www.loc.gov/catdir/enhancements/fy1202/2011464482-b.html
=852  41$aBritish Library$bHMNTS$jYD.2012.a.6610
=985  \\$aCorrected by MS generated file for WR# 13.051
=CAT  \\$a8197$b40$c20120917$lBLL01$h0944
=CAT  \\$a12167$b40$c20120924$lBLL01$h1208
=CAT  \\$a12167$b40$c20120927$lBLL01$h1609
=CAT  \\$aBLSS-CORR$b00$c20130327$lBLL01$h1530
=CAT  \\$aW1711-1225$c20171203$lBLL01$h1050
=CAT  \\$aBATCH-UPD$b00$c20171203$lBLL01$h1523
=FIN  \\$aY$d20120924
=SRC  \\$aBLL02
=STA  \\$aSUPPRESSED$bunable to determine reason for suppression
=LAS  \\$aBATCH-UPD$b00$c20171203$lBLL01$h1523

