=LDR  01955cai a2200529 i 4500
=001  020842477
=003  Uk
=005  20221220163554.0
=006  m\\\\\o\\d\\\\\\\\
=007  cr\un|||||||||
=008  130612c20uu9999vtuuu\w\o\\\\\0\\\a2eng\d
=FMT  \\$a  SE
=035  \\$a(OCoLC)847789934
=040  \\$aGZM$beng$cGZM$dOCLCF$dOCL$dSTF$dGZM$dOCLCO$dUk$erda
=042  \\$aukblsr
=043  \\$an-us---
=050  \4$aE337.5
=245  00$aAmerican pamphlets.$nSeries 1, 1820-1922 :$bfrom N-YHS.
=246  3\$aAmerican pamphlets from the New-York Historical Society, Series 1, 1820-1922
=246  3\$aAmerican pamphlets :$bresearch a century of controversies, from slavery to suffrage
=246  1\$iTitle from HTML header:$aAmerica's historical imprints
=247  10$aAmerican pamphlets.$nSeries 1, 1820-1922 :$bfrom the New-York Historical Society
=264  \1$a[Chester, VT] :$bReadex
=300  \\$a1 online resource
=336  \\$atext$btxt$2rdacontent
=337  \\$acomputer$bc$2rdamedia
=338  \\$aonline resource$bcr$2rdacarrier
=362  1\$aBegan before 2013.
=500  \\$a"An archive of Americana collection."
=650  \0$aPamphlets$zUnited States$y19th century.
=650  \0$aPamphlets$zUnited States$y20th century.
=651  \0$aUnited States$xHistory$vSources.
=650  \7$aPamphlets.$2fast$0(OCoLC)fst01051868
=651  \7$aUnited States.$2fast$0(OCoLC)fst01204155
=648  \7$a1800-1999$2fast
=655  \7$aHistory.$2fast$0(OCoLC)fst01411628
=655  \7$aSources.$2fast$0(OCoLC)fst01423900
=710  2\$aNew-York Historical Society,$eowner.
=773  0\$tAmerica's historical imprints
=830  \0$aArchive of Americana.
=856  40$3Readex$uhttp://infoweb.newsbank.com/?db=AMPAM1
=852  \\$aBritish Library$bHMNTS$je-media
=CAT  \\$a3072$b40$c20221220$lBLL01$h1635
=FIN  \\$aY$d20221220
=SID  \\$aZ39$bOCLC
=STA  \\$aSUPPRESSED$bDatabase
=LAS  \\$a3072$b40$c20221220$lBLL01$h1635

