=LDR  03134 ai a2200541 a 4500
=001  012437101
=003  Uk
=005  20130910113735.0
=007  cr||||||||||||
=008  031105c20029999enk\x\d\s\\\\\0\\\a2eng\\
=015  \\$aGBA336729$2bnb
=019  y\$abA336729
=019  9\$abA336729
=039  0\$a2767
=040  \\$aUk$cUk$dUk
=082  04$a929.7$222
=245  00$aBurke's peerage & gentry$h[electronic resource].
=260  \\$aStokesley (Millennium Court, Ellerbeck Way, Stokesley, North Yorkshire, TS9 5JZ) :$bBurke's Peerage & Gentry (UK),$c2002-
=310  \\$aContinually updated
=336  \\$atext$2rdacontent
=337  \\$acomputer$2rdamedia
=338  \\$aonline resource$2rdacarrier
=500  \\$aTitle from title page (viewed on 1 May. 2003).
=520  \\$aMore than 5,000 family records, gathered from Burkes Peerage & Baronetage; Burkes Landed Gentry Scotland; Burkes Landed Gentry England & Wales.
=538  \\$aMode of access: World Wide Web.
=588  \\$a"Burke's Peerage has now been sold to another party and the present website will cease to operate from 1 September 2013". There is no information yet from the new owners to indicate what type of service will replace the current one, and when it will be available - information from http://www.burkes-peerage.co.uk/.$5Uk
=650  \0$aBiography$vIndexes.
=650  \0$aGenealogy$vIndexes.
=651  \0$aUnited States$xBiography$vIndexes.
=651  \0$aUnited States$xGenealogy$vIndexes.
=852  41$aBritish Library$bHMNTS$je-media
=856  40$uhttp://www.burkes-libraries.com/sites/library/sitepages/home$zFor subscribers only, requires account and password
=985  \\$aMessage from M. Stringer 22/8/2013 "On 1st September we will be losing access to Burke's Peerage Online. This is because Burke's Peerage has been sold to another party and the website will not continue to operate". Also info at http://www.burkes-peerage.co.uk/ "Origins.net designed, developed and has been operating the Burke's Peerage Online web site on behalf of Burke's Peerage (UK) Ltd, since 2005. Burke's Peerage has now been sold to another party and the present website will cease to operate from 1 September 2013. We ... were only advised of this date today (21 August). We have had no communication from the new owners about their plans, and have no information to indicate what type of service will replace the current one, when it will be available, and what the costs might be". So, at some point this record will need re-opening and updating, and 588 removing.
=985  \\$aRecord merged by DQ team
=CAT  \\$aCONV$b00$c20040425$lBLL90$h0713
=CAT  \\$aCONV$b00$c20040502$lBLL01$h1508
=CAT  \\$a6550$b40$c20051104$lBLL01$h1207
=CAT  \\$a3072$b40$c20130910$lBLL01$h1137
=CAT  \\$aBATCH-UPD$b40$c20131021$lBLL01$h1141
=CAT  \\$aWR14_140$c20140905$lBLL01$h1800
=FIN  \\$aY
=FMT  \\$a  SE
=LAS  \\$aWR14_140$b00$c20140905$lBLL01$h1800
=LEO  \\$aMP5.0000021975
=SRC  \\$aBNB03$bbibmp5.200404.2.aa
=SRC  \\$aDSS02$bbibh.200404.2.aa
=STA  \\$aSUPPRESSED$bDatabase
=TCO  \\$aCLA$bCLA$c008

