=LDR  02174 as a2200541 a 4500
=001  012439031
=003  Uk
=005  20050519153831.0
=006  m\\\\\\\\d\|\\\\\\
=007  cr\cn|||||||||
=008  040415c199u9999xxuuu\p\si\\\\0\\\a0eng\\
=040  \\$aUk$beng$cUk
=042  \\$aukblsr
=082  04$a016.95$222
=130  0\$aBibliography of Asian studies (Online)
=245  10$aBibliography of Asian studies$h[electronic resource].
=246  1\$iAlso known as:$aBAS
=260  \\$a[Ann Arbor, Mich.] :$bAssociation of Asian Studies.
=336  \\$atext$2rdacontent
=337  \\$acomputer$2rdamedia
=338  \\$aonline resource$2rdacarrier
=500  \\$aTitle from title page (viewed on 20 Apr. 2005)
=520  \\$aIndex to western-language monographs, articles and book chapters on all parts of Asia published since 1971. Includes the printed "Bibliography of Asian studies" (from 1971-1991), plus citations from 1992- in 100+ of the most important journals in Asian studies.
=538  \\$aMode of access: World Wide Web.
=650  \0$aAsia$vIndexes.
=650  \0$aAsia$xCivilization$vIndexes.
=710  2\$aAssociation of Asian Studies.
=787  0\$tBibliography of Asian studies$x0067-7159
=787  0\$tCumulative bibliography of Asian studies
=852  41$aBritish Library$bHMNTS$je-media
=856  40$uhttp://ets.umdl.umich.edu/b/bas/$zFor subscribers only; BL Reading Room access
=A02  \\$a3000882$z0
=CAT  \\$aCONV$b00$c20040425$lBLL90$h0713
=CAT  \\$aCONV$b00$c20040502$lBLL01$h1509
=CAT  \\$a3072$b40$c20050420$lBLL01$h1505
=CAT  \\$a3072$b40$c20050519$lBLL01$h1538
=CAT  \\$aBATCH$b00$c20091210$lBLL01$h2333
=CAT  \\$aBATCH$b00$c20091214$lBLL01$h0845
=CAT  \\$aBATCH$b00$c20091216$lBLL01$h0218
=CAT  \\$aBATCH-UPD$b00$c20131021$lBLL01$h1141
=CAT  \\$aWR14_140$c20140905$lBLL01$h1800
=FIN  \\$aY$d20050519
=FMT  \\$a  SE
=LAS  \\$aWR14_140$b00$c20140905$lBLL01$h1800
=LKR  \\$aPAR$b009532035$lBLL01$r787$mBibliography of Asian studies$nBibliography of Asian studies
=SRC  \\$aDSS02$bbibh.200404.2.aa
=STA  \\$aSUPPRESSED$bDatabase
=TCO  \\$aTRS$bCCC$c008

