=LDR  03329 as a2200673 a 4500
=001  012440117
=003  Uk
=005  20050224133939.0
=006  m\\\\\\\\d\|\\\\\\
=007  cr||||||||||||
=008  040415c199u9999xxuuu\p\sc\\\\0\\\a0eng\\
=015  \\$aGBA517076$2bnb
=040  \\$aUk$beng$cUk
=042  \\$aukblsr
=082  04$a011.221$222
=130  0\$aNineteenth-century short title catalogue (Online)
=245  10$aNineteenth-century short title catalogue$h[electronic resource] :$bNSTC.
=246  30$aNSTC
=260  \\$a[United States] ;$aCambridge :$bProQuest Information and Learning.
=336  \\$atext$2rdacontent
=337  \\$acomputer$2rdamedia
=338  \\$aonline resource$2rdacarrier
=500  \\$aTitle from home page (viewed on 21 Jan. 2005)
=500  \\$aFirst published by Avero Publications between 1983 and 2002 in print and on two CD-ROMs.
=520  \\$aCatalogue of British books printed between 1801 and 1919. Includes all books published in Britain, its colonies, and the USA, as well as all books in English and all translations from English. A number of major library catalogues have been used, including: The Bodleian pre-1920 catalogue, the main catalogue of Cambridge University Library, Trinity College Dublin Library, National Library of Scotland, Harvard University's union catalogue, The Library of Congress MARC and PRE-MARC files and the British Library's General Catalogue of Printed Books to 1955.
=538  \\$aMode of access: World Wide Web.
=650  \0$aEnglish imprints$vUnion lists.
=650  \0$aUnion catalogs$zGreat Britain.
=650  \0$aUnion catalogs$zUnited States.
=650  \0$aEnglish imprints$xTranslations
=651  \0$aGreat Britain$vImprints$y19th century.
=651  \0$aUnited States$vImprints$y19th century.
=787  0\$tNineteenth century short title catalogue. Series I & II (1801- 1870)$x1365-8239
=787  0\$tNineteenth century short title catalogue. Series III (1871-1919)$x1365-8247
=852  41$aBritish Library$bHMNTS$je-media
=856  40$uhttp://nstc.chadwyck.com$zFor subscribers only; BL Reading Room access
=A02  \\$a3023083$z0
=CAT  \\$aCONV$b00$c20040425$lBLL90$h0713
=CAT  \\$a3072$b40$c20050204$lBLL01$h1550
=CAT  \\$a3072$b40$c20050209$lBLL01$h1005
=CAT  \\$a3072$b40$c20050224$lBLL01$h1114
=CAT  \\$a3072$b40$c20050224$lBLL01$h1133
=CAT  \\$a3072$b40$c20050224$lBLL01$h1140
=CAT  \\$a3072$b40$c20050224$lBLL01$h1339
=CAT  \\$a11249$b40$c20090603$lBLL01$h1459
=CAT  \\$a11249$b40$c20090608$lBLL01$h1625
=CAT  \\$aBATCH$b00$c20091210$lBLL01$h2333
=CAT  \\$aBATCH$b00$c20091214$lBLL01$h0845
=CAT  \\$aBATCH$b00$c20091216$lBLL01$h0219
=CAT  \\$aBATCH-UPD$b00$c20131021$lBLL01$h1141
=CAT  \\$aWR14_140$c20140905$lBLL01$h1800
=FIN  \\$aY$d20050224
=FMT  \\$a  SE
=LAS  \\$aWR14_140$b00$c20140905$lBLL01$h1800
=LKR  \\$aPAR$b012443907$lBLL01$r787$mNineteenth-century short title catalogue NSTC.$nNineteenth century short title catalogue. Series I & II, 1801- 1870
=LKR  \\$aPAR$b012441387$lBLL01$r787$mNineteenth-century short title catalogue NSTC.$nNineteenth century short title catalogue. Series III, 1871-1919
=SRC  \\$aDSS02$bbibh.200404.2.aa
=STA  \\$aSUPPRESSED$bDatabase
=TCO  \\$aTRS$bCCC$c008

