=LDR  02459cas a2200673 a 4500
=001  012440656
=003  Uk
=005  20220121101858.0
=007  cr||||||||||||
=008  031105c199u9999enkar\p\s\\\\\0\\\a0eng\\
=FMT  \\$a  SE
=015  \\$aGBA335750$2bnb
=019  y\$abA335750
=019  9\$abA335750
=022  0\$a2157-0094
=039  0\$a2767
=040  \\$aUk$cUk$dUk
=082  04$a016.7454$222
=130  0\$aDesign and applied arts index (Online)
=222  \0$aDesign and applied arts index$b(Online)
=245  10$aDesign and applied arts index.
=246  3\$aDAAI
=260  \\$aBethesda ;$aOxford :$bCSA.
=310  \\$aUpdated at least annually
=336  \\$atext$2rdacontent
=337  \\$acomputer$2rdamedia
=338  \\$aonline resource$2rdacarrier
=500  \\$aTitle from home page (viewed on 3 Nov. 2003)
=500  \\$aVariant title: DAAI.
=520  \\$aAnnotated references from more than 500 design and craft journals and data on over 50,000 designers, crafts people, studios, workshops, firms etc. 1973-
=538  \\$aMode of access: World Wide Web.
=650  \0$aDesign$vIndexes.
=650  \0$aDecorative arts$vIndexes.
=776  08$iAlso issued in print as:$tDesign & applied arts index$x0953-0681
=776  08$iAlso issued on CD-ROM as:$tDesign and applied arts index$x1353-1298
=856  00$uhttp://www.daai.co.uk/$zFor subscribers only; Reading Room access only
=852  41$aBritish Library$bHMNTS$je-media
=A02  \\$a3005075$z0
=CAT  \\$aCONV$b00$c20040425$lBLL90$h0713
=CAT  \\$aCONV$b00$c20040502$lBLL01$h1509
=CAT  \\$a3072$b40$c20050413$lBLL01$h1614
=CAT  \\$a3072$b40$c20050818$lBLL01$h1616
=CAT  \\$a3072$b40$c20050818$lBLL01$h1632
=CAT  \\$aBATCH$b00$c20091210$lBLL01$h2333
=CAT  \\$aBATCH$b00$c20091214$lBLL01$h0845
=CAT  \\$aBATCH$b00$c20091216$lBLL01$h0219
=CAT  \\$aBATCH-UPD$b00$c20131021$lBLL01$h1141
=CAT  \\$aWR14_140$c20140905$lBLL01$h1800
=CAT  \\$a10806$b40$c20161215$lBLL01$h1627
=CAT  \\$a10806$b40$c20161215$lBLL01$h1628
=CAT  \\$a10973$b40$c20220121$lBLL01$h1018
=FIN  \\$aY
=LEO  \\$aMP5.0000021851
=LKR  \\$aPAR$b007165720$lBLL01$r787$mDesign and applied arts index.$nDESIGN AND APPLIED ARTS INDEX.
=SRC  \\$aBNB03$bbibmp5.200404.2.aa
=SRC  \\$aDSS02$bbibh.200404.2.aa
=STA  \\$aSUPPRESSED$bDatabase
=TCO  \\$aCLA$bCLA$c008
=LAS  \\$a10973$b40$c20220121$lBLL01$h1018

