=LDR  02485 as a2200589 a 4500
=001  012443669
=003  Uk
=005  20050210144717.0
=006  m\\\\\\\\d\|\\\\\\
=007  cr||||||||||||
=008  040415c199u9999xxuuu\p\s\i\\\0\\\a0eng\\
=040  \\$aUk$beng$cUk
=042  \\$aukblsr
=082  04$a305.409$222
=245  04$aThe Gerritsen collection online$h[electronic resource] :$bwomen's history online, 1543-1945.
=260  \\$a[Ann Arbor, Mich.] :$bChadwyck-Healey.
=336  \\$atext$2rdacontent
=337  \\$acomputer$2rdamedia
=338  \\$aonline resource$2rdacarrier
=500  \\$aTitle from title screen (viewed on 10 Feb. 2005)
=516  \\$aASCII text searchable by keyword and Boolean operators; records are linked to the corresponding page images, downloadable in PDF format.
=520  \\$aCollection of more than 4,700 digitised publications from continental Europe, the U.S., UK, Canada, and New Zealand, dating from 1543-1945. Allows scholars to trace the evolution of feminism within a single country, as well as the impact of one country's movement on those of the others. Consists of: the periodical series and the monograph language series.
=538  \\$aMode of access: World Wide Web
=650  \0$aWomen$xHistory
=650  \0$aWomen$xHistory$vIndexes.
=650  \0$aWomen$xSuffrage
=650  \0$aWomen$xSuffrage$vIndexes.
=650  \0$aWomen$xSocial conditions
=650  \0$aWomen$xSocial conditions$xIndexes.
=690  7\$aSocial Welfare$2blcoll
=852  41$aBritish Library$bHMNTS$je-media
=856  40$uhttp://gerritsen.chadwyck.com$zFor subscribers only; BL Reading Room access
=A02  \\$a3026133$z0
=CAT  \\$aCONV$b00$c20040425$lBLL90$h0713
=CAT  \\$a3072$b40$c20041118$lBLL01$h1338
=CAT  \\$a3072$b40$c20041118$lBLL01$h1341
=CAT  \\$a3072$b40$c20041125$lBLL01$h1353
=CAT  \\$a3072$b40$c20041125$lBLL01$h1410
=CAT  \\$a3072$b40$c20050210$lBLL01$h1441
=CAT  \\$a3072$b40$c20050210$lBLL01$h1447
=CAT  \\$aBATCH$b00$c20091210$lBLL01$h2334
=CAT  \\$aBATCH$b00$c20091214$lBLL01$h0846
=CAT  \\$aBATCH$b00$c20091216$lBLL01$h0220
=CAT  \\$aBATCH$b00$c20110625$lBLL01$h0502
=CAT  \\$aBATCH-SWP4$c20110627$lBLL01$h1542
=CAT  \\$aBATCH-UPD$b00$c20131021$lBLL01$h1142
=FIN  \\$aY$d20050210
=FMT  \\$a  SE
=LAS  \\$aBATCH-UPD$b00$c20131021$lBLL01$h1142
=SRC  \\$aDSS02$bbibh.200404.2.aa
=STA  \\$aSUPPRESSED$bDatabase
=TCO  \\$aTRS$bCCC$c008

