=LDR  02501 as a2200661 a 4500
=001  012444699
=003  Uk
=005  20050405164455.0
=006  m\\\\\\\\d\|\\\\\\
=007  cr\bn\||||||||
=008  040415c19989999ne\qr\p\s\\\\\0\\\a0eng\\
=019  c\$a3023178
=040  \\$aUk$beng$cUk
=042  \\$aukblsr
=082  04$a027.709405$222
=130  0\$aLIBER quarterly (Online)
=245  10$aLIBER quarterly$h[electronic resource] :$bthe journal of European research libraries.
=260  \\$aMunich :$bK.G. Saur.
=336  \\$atext$2rdacontent
=337  \\$acomputer$2rdamedia
=338  \\$aonline resource$2rdacarrier
=362  1\$aPrint began with vol. 8, no. 1 (1998)
=500  \\$aFrom 2003 electronic publishing support by Igitur, Utrecht Publishing & Archiving Services, and Utrecht University Library.
=500  \\$aDescription based on: vol. 9, no. 2 (1999); title from title page (viewed on 15 Mar. 2005)
=516  \\$aIn PDF format.
=538  \\$aMode of access: World Wide Web.
=580  \\$aTo 2002 also issued in print; from 2003 only issued online.
=595  \\$aFORMERLY 1435.293 UP TO VOL.13, 2003.
=650  \0$aResearch libraries$zEurope$vPeriodicals.
=650  \0$aLibrary cooperation$zEurope$vPeriodicals.
=650  \0$aLibrary science$zEurope$vPeriodicals.
=776  1\$tLIBER quarterly$x1435-5205
=852  41$aBritish Library$bHMNTS$je-media
=856  40$uhttp://webdoc.gwdg.de/edoc/aw/liber/$zFor subscribers only; BL Reading Room access
=945  \\$aLIBER QUARTERLY -ELECTRONIC EDITION-.
=979  \\$aBritish Library$bDSC$j5186.293500N
=A02  \\$a3023178
=A02  \\$a3023178$z0
=CAT  \\$aCONV$b00$c20040425$lBLL90$h0713
=CAT  \\$aCONV$b00$c20040502$lBLL01$h1509
=CAT  \\$a3072$b40$c20050315$lBLL01$h1417
=CAT  \\$a3072$b40$c20050317$lBLL01$h1625
=CAT  \\$a3072$b40$c20050317$lBLL01$h1650
=CAT  \\$a3072$b40$c20050405$lBLL01$h1644
=CAT  \\$aBATCH$b00$c20091210$lBLL01$h2335
=CAT  \\$aBATCH$b00$c20091214$lBLL01$h0846
=CAT  \\$aBATCH$b00$c20091216$lBLL01$h0220
=CAT  \\$aWR12_168$c20121206$lBLL01$h1836
=CAT  \\$aWR13.005$c20130323$lBLL01$h1511
=CAT  \\$aBATCH-UPD$b00$c20131021$lBLL01$h1141
=FIN  \\$aY
=FMT  \\$a  SE
=LAS  \\$aBATCH-UPD$b00$c20131021$lBLL01$h1141
=LEO  \\$aMP10.0000343801
=SRC  \\$aDSS01$bbibmp10.200404.2.aa
=SRC  \\$aDSS02$bbibh.200404.2.aa
=STA  \\$aSUPPRESSED$bDatabase
=TCO  \\$aNLD$bSTICHTING REPRORECHT$c008

