=LDR  02066 as a22005773  4500
=001  012448076
=003  Uk
=005  20120120100027.0
=007  cr||||||||||||
=008  040310d200u200uenker\p\o\\\\\0\\\a0eng\\
=015  \\$aGBA422325$2bnb
=019  y\$abA422325
=019  9\$abA422325
=039  0\$a2785
=040  \\$aUk$cUk$dUk
=082  04$a658.403805$222
=245  00$aBusiness intelligence report$h[electronic resource].
=260  \\$a[San Francisco, Calif. ;$aGreat Britain :$bInfoWorld Media Group]
=310  \\$aBiweekly
=336  \\$atext$2rdacontent
=337  \\$acomputer$2rdamedia
=338  \\$aonline resource$2rdacarrier
=500  \\$aSummaries of latest developments in gathering and managing business information with links to full accounts on World Wide Web.
=500  \\$aTitle from caption.
=500  \\$aDescription based on: Wednesday, Mar. 5, 2003 issue.
=516  \\$aIn ASCII format
=538  \\$aMode of access: email.
=650  \0$aManagement information systems$vPeriodicals.
=650  \0$aInformation resources management$vPeriodicals.
=852  41$aBritish Library$bSTI$jSRIS DIGITAL STORE
=856  40$uhttp://www.infoworld.com/cgi-win/ifwd.cg?m=newsletter$zTo subscribe
=985  \\$aRecord merged by DQ team
=A02  \\$a3013250$z0
=CAT  \\$aCONV$b00$c20040425$lBLL90$h0713
=CAT  \\$aCONV$b00$c20040502$lBLL01$h1509
=CAT  \\$a11249$b40$c20051028$lBLL01$h1034
=CAT  \\$aBATCH$b00$c20091210$lBLL01$h2336
=CAT  \\$aBATCH$b00$c20091214$lBLL01$h0847
=CAT  \\$aBATCH$b00$c20091216$lBLL01$h0221
=CAT  \\$a8201$b40$c20120120$lBLL01$h1000
=CAT  \\$aBATCH-UPD$b40$c20121031$lBLL01$h1323
=CAT  \\$aWR14_140$c20140905$lBLL01$h1800
=CAT  \\$aW1711-1225$c20171203$lBLL01$h1020
=FIN  \\$aY
=FMT  \\$a  SE
=LAS  \\$aW1711-1225$b00$c20171203$lBLL01$h1020
=LEO  \\$aMP5.0000030911
=SRC  \\$aDSS03$bbibsr.200404.2.aa
=SRC  \\$aBNB03$bbibmp5.200404.2.aa
=STA  \\$aSUPPRESSED$bunable to determine reason for suppression
=TCO  \\$aZZZ$c008

