=LDR  02073 as a22005773  4500
=001  012448639
=003  Uk
=005  20120820122212.0
=007  cr||||||||||||
=008  040109d199u20uuenk\x\p\o\\\\\0\\\a0eng\\
=015  \\$aGBA374541$2bnb
=019  y\$abA374541
=019  9\$abA374541
=039  0\$a2775
=040  \\$aUk$cUk$dUk
=082  04$a339.470941$222
=245  00$aConsumer outlook$h[electronic resource].
=260  \\$aOxford (Abbey House, 121 St. Aldates, Oxford OX1 1HB) :$bOxford Economic Forecasting.
=336  \\$atext$2rdacontent
=337  \\$acomputer$2rdamedia
=338  \\$aonline resource$2rdacarrier
=500  \\$aTitle from title display.
=500  \\$aDescription based on: Autumn 2001.
=516  \\$aIn PDF format
=530  \\$aAlso available to subscribers on the Internet in PDF or Word formats.
=538  \\$aMode of access: email.
=650  \0$aConsumption (Economics)$zGreat Britain$vPeriodicals.
=650  \0$aConsumption (Economics)$zGreat Britain$vStatistics$vPeriodicals.
=710  2\$aOxford Economic Forecasting.
=852  41$aBritish Library$bHMNTS$jSRIS DIGITAL STORE
=856  40$uhttp://www.oef.com$zFor subscribers, requires username and password
=856  00$umailto:mailbox@oef.co.uk$zFor subscription information
=985  \\$aRecord merged by DQ team
=A02  \\$a1451652$z51652
=CAT  \\$aCONV$b00$c20040425$lBLL90$h0713
=CAT  \\$aCONV$b00$c20040502$lBLL01$h1509
=CAT  \\$a11251$b40$c20050407$lBLL01$h1348
=CAT  \\$aBATCH$b00$c20091210$lBLL01$h2336
=CAT  \\$aBATCH$b00$c20091214$lBLL01$h0848
=CAT  \\$aBATCH$b00$c20091216$lBLL01$h0221
=CAT  \\$a8201$b40$c20120820$lBLL01$h1222
=CAT  \\$aWR14_140$c20140905$lBLL01$h1800
=CAT  \\$aW1711-1225$c20171203$lBLL01$h1020
=FIN  \\$aY
=FMT  \\$a  SE
=LAS  \\$aW1711-1225$b00$c20171203$lBLL01$h1020
=LEO  \\$aMP5.0000026818
=SRC  \\$aDSS03$bbibsr.200404.2.aa
=SRC  \\$aBNB03$bbibmp5.200404.2.aa
=STA  \\$aSUPPRESSED$bunable to determine reason for suppression
=TCO  \\$aZZZ$c008

