=LDR  02007 as a2200589 a 4500
=001  012449023
=003  Uk
=005  20120416122400.0
=007  cr||||||||||||
=008  040317d199u200uenkwr\p\o\\\\\0\\\a0eng\\
=015  \\$aGBA353005$2bnb
=019  y\$abA353005
=019  9\$abA353005
=039  0\$a2785
=040  \\$aUk$cUk$dUk
=082  04$a004.05$221
=245  00$aComputerUser.com newsletter$h[electronic resource].
=260  \\$a[Minneapolis, Minn. ;$aGreat Britain :$bKey Professional Media Inc.]
=310  \\$aWeekly
=336  \\$atext$2rdacontent
=337  \\$acomputer$2rdamedia
=338  \\$aonline resource$2rdacarrier
=500  \\$aTitle from email.
=500  \\$aDescription based on: 26 Nov. 2001 issue.
=516  \\$aIn plain text
=520  \\$aContains the top stories from the world of computing.
=538  \\$aMode of access: via email or World Wide Web.
=650  \0$aComputer science$vPeriodicals.
=650  \0$aMicrocomputers$vPeriodicals.
=710  2\$aKey Professional Media (Firm)
=852  41$aBritish Library$bHMNTS$jSRIS DIGITAL STORE
=856  40$uhttp://www.computeruser.com/newsletter/index.html$zTo subscribe
=985  \\$aRecord merged by DQ team
=A02  \\$a1451643$z51643
=CAT  \\$aCONV$b00$c20040425$lBLL90$h0713
=CAT  \\$aCONV$b00$c20040502$lBLL01$h1509
=CAT  \\$a11251$b40$c20050407$lBLL01$h1334
=CAT  \\$aBATCH$b00$c20091210$lBLL01$h2336
=CAT  \\$aBATCH$b00$c20091214$lBLL01$h0848
=CAT  \\$aBATCH$b00$c20091216$lBLL01$h0221
=CAT  \\$a8201$b40$c20120416$lBLL01$h1221
=CAT  \\$a8201$b40$c20120416$lBLL01$h1224
=CAT  \\$aWR14_140$c20140905$lBLL01$h1800
=CAT  \\$aW1711-1225$c20171203$lBLL01$h1020
=FIN  \\$aY
=FMT  \\$a  SE
=LAS  \\$aW1711-1225$b00$c20171203$lBLL01$h1020
=LEO  \\$aMP5.0000023905
=SRC  \\$aDSS03$bbibsr.200404.2.aa
=SRC  \\$aBNB03$bbibmp5.200404.2.aa
=STA  \\$aSUPPRESSED$bunable to determine reason for suppression
=TCO  \\$aZZZ$c008

