=LDR  02076cas a2200541 a 4500
=001  012454107
=003  Uk
=005  20230426151023.0
=007  cr||||||||||||
=008  040226c19799999xxumr|p|s|\\\\0\\\a0eng\\
=FMT  \\$a  SE
=019  1\$abld00L1149
=040  \\$aUk$cUk$dUk
=082  04$a780.5$221
=130  0\$aRILM abstracts of music literature (Online)
=245  10$aRILM abstracts of music literature$h[electronic resource].
=260  \\$aBaltimore, Md. :$bNISC International, Inc.
=310  \\$aUpdated monthly
=336  \\$atext$2rdacontent
=337  \\$acomputer$2rdamedia
=500  \\$aPart of NISC's BiblioLine Web search service.
=588  \\$aDescription based on contents viewed on April 11, 2003; title from title screen.
=520  \\$aA bibliography of world music, including Eastern and Western classical music, pop and folk music. Date coverage 1967 to the present.
=530  \\$aAlso available in printed format and on CD-ROM (published as MUSE on CD-ROM)
=538  \\$aMode of access: World Wide web.
=650  \0$aMusic$xAbstracts$vPeriodicals.
=650  \0$aMusic$vIndexes$vPeriodicals.
=650  \0$aMusic$xHistory and criticism$xAbstracts$vPeriodicals.
=650  \0$aMusic$xHistory and criticism$vIndexes$vPeriodicals.
=730  0\$aMUSE,$x1054-2639.
=856  40$uhttp://biblioline.nisc.com/scripts/login.dll?Biblioline$zFor subscribers only
=852  41$aBritish Library$bHMNTS$je-media
=957  \\$a030411p
=985  \\$aRecord merged by DQ team
=CAT  \\$aCONV$b00$c20040425$lBLL90$h0720
=CAT  \\$aCONV$b00$c20040502$lBLL01$h1509
=CAT  \\$a6550$b40$c20051228$lBLL01$h1135
=CAT  \\$aBATCH-UPD$b40$c20131021$lBLL01$h1141
=CAT  \\$aWR14_140$c20140905$lBLL01$h1800
=CAT  \\$a3072$b40$c20230426$lBLL01$h1508
=CAT  \\$a3072$b40$c20230426$lBLL01$h1510
=FIN  \\$aY
=LEO  \\$aMP13.0000121816
=SRC  \\$aDSS02$bbibh.200404.2.aa
=SRC  \\$aHSS01$bbibmp13.200404.2.aa
=STA  \\$aSUPPRESSED$bDatabase
=TCO  \\$aTRS$bCCC$c008
=LAS  \\$a3072$b40$c20230426$lBLL01$h1510

