=LDR  01896 as a2200493 a 4500
=001  012454123
=003  Uk
=005  20051228110428.0
=007  c|||||
=008  040226c199u9999xxuzr|p|s|\\\\0\\\|0eng\\
=019  1\$abld00L1166
=040  \\$aUk$cUk$dUk
=082  04$a016.78$221
=245  00$aRetrospective index to music periodicals$h[electronic resource] :$bRIPM.
=246  3\$aRIPM
=246  3\$aRépertoire international de la presse musicale
=260  \\$aBaltimore, Md. :$bNISC International, Inc.
=310  \\$aUpdated every six months
=336  \\$atext$2rdacontent
=337  \\$acomputer$2rdamedia
=500  \\$aPart of NISC's BiblioLine Web search service.
=500  \\$aTitle from main search screen (viewed on 11 Apr., 2003). Other title: Répertoire international de la presse musicale.
=520  \\$aAn index to reviews and articles on music in music journals, literary and theatrical journals and other magazines from the 19th century.
=530  \\$aAlso available on CD-ROM.
=538  \\$aMode of access: World Wide Web.
=650  \0$aMusic$xHistory$y19th century$xPeriodicals$vIndexes.
=650  \0$aMusicology$xPeriodicals$vIndexes.
=852  41$aBritish Library$bHMNTS$je-media
=856  40$uhttp://biblioline.nisc.com/scripts/login.dll?Biblioline$zFor subscribers only; BL Reading Room access
=957  \\$a030411p
=985  \\$aRecord merged by DQ team
=CAT  \\$aCONV$b00$c20040425$lBLL90$h0720
=CAT  \\$aCONV$b00$c20040502$lBLL01$h1509
=CAT  \\$a6550$b40$c20051228$lBLL01$h1104
=CAT  \\$aBATCH-UPD$b40$c20131021$lBLL01$h1141
=CAT  \\$aWR14_140$c20140905$lBLL01$h1800
=FIN  \\$aY
=FMT  \\$a  SE
=LAS  \\$aWR14_140$b00$c20140905$lBLL01$h1800
=LEO  \\$aMP13.0000121832
=SRC  \\$aDSS02$bbibh.200404.2.aa
=SRC  \\$aHSS01$bbibmp13.200404.2.aa
=STA  \\$aSUPPRESSED$bDatabase
=TCO  \\$aTRS$bCCC$c008

