=LDR  02189 ai a22005657a 4500
=001  012454365
=003  Uk
=005  20080214163039.0
=006  m\\\\\\\\d\|\\\\\\
=007  cr||||||||||||
=008  040227c20019999xxu||\d\s\\\\\0\\\a2eng\\
=019  1\$abld00L1443
=040  \\$aUk$cUk$dUk
=082  04$a821.70809287$221
=245  00$aScottish women poets of the Romantic period$h[electronic resource] /$cedited by Nancy Kushigian and Stephen Behrendt.
=260  \\$a[Alexandria, Va.] :$bAlexander Street Press
=336  \\$atext$2rdacontent
=337  \\$acomputer$2rdamedia
=338  \\$aonline resource$2rdacarrier
=500  \\$aTitle from title screen (viewed on 15 Apr., 2003).
=520  \\$aIncludes some 60 volumes from 47 poets, together with critical and biographical essays.
=538  \\$aMode of access: World Wide Web.
=650  \0$aScottish poetry$xWomen authors.
=650  \0$aScottish poetry$xWomen authors$xHistory and criticism.
=650  \0$aScottish poetry$xWomen authors$xHistory and criticism$vBibliography.
=650  \0$aScottish poetry$y19th century.
=650  \0$aScottish poetry$y19th century$xHistory and criticism.
=650  \0$aScottish poetry$y19th century$xHistory and criticism$vBibliography.
=650  \0$aWomen$zScotland$vPoetry.
=700  1\$aKushigian, Nancy.
=700  1\$aBehrendt, Stephen C.,$d1947-
=852  41$aBritish Library$bHMNTS$je-media
=856  40$uhttp://asp6new.alexanderstreet.com/swrp/swrp.index.map.aspx$zFor subscribers only; BL Reading Room access
=957  \\$a030415p
=985  \\$aRecord merged by DQ team
=CAT  \\$aCONV$b00$c20040425$lBLL90$h0720
=CAT  \\$aCONV$b00$c20040502$lBLL01$h1509
=CAT  \\$a6550$b40$c20051228$lBLL01$h1325
=CAT  \\$a3072$b40$c20080214$lBLL01$h1629
=CAT  \\$a3072$b40$c20080214$lBLL01$h1630
=CAT  \\$aBATCH-UPD$b40$c20131021$lBLL01$h1141
=CAT  \\$aWR14_140$c20140905$lBLL01$h1800
=FIN  \\$aY
=FMT  \\$a  SE
=LAS  \\$aWR14_140$b00$c20140905$lBLL01$h1800
=LEO  \\$aMP13.0000122082
=SRC  \\$aDSS02$bbibh.200404.2.aa
=SRC  \\$aHSS01$bbibmp13.200404.2.aa
=STA  \\$aSUPPRESSED$bDatabase
=TCO  \\$aTRS$bCCC$c008

