=LDR  02240 as a2200541ua 4500
=001  012457348
=003  Uk
=005  20201124185344.0
=007  c|||||
=008  040226c199u9999xxu|||p|s|c\\\0\\\|0eng\\
=019  1\$abld00L4850
=040  \\$aUk$cUk
=041  0\$aeng$arus$aukr
=245  00$aOnline databases of Russian/NIS publications$h[electronic resource].
=260  \\$a[Minneapolis, Minn.] :$bEast View.
=336  \\$atext$2rdacontent
=337  \\$acomputer$2rdamedia
=500  \\$aTitle from home page (viewed on 9 June 2003)
=520  \\$aOnline databases of Russian/FSU publications. Files: Central Russian newspapers, regional Russian newspapers, CIS & Baltics publications, social sciences and humanities journals, governmental publications, military & security periodicals, Ukrainian periodicals, Russian/NIS newswires.
=538  \\$aMode of access: World Wide Web.
=546  \\$aIn English, Russian and Ukrainian.
=650  \0$aSocial sciences$zRussia$vBibliography.
=650  \0$aHumanities$zRussia$vBibliography.
=650  \0$aRussian newspapers$vBibliography.
=650  \0$aRussian periodicals$vBibliography.
=650  \0$aUkrainian newspapers$vBibliography.
=650  \0$aUkrainian periodicals$vBibliography.
=650  \0$aGovernment publications$zRussia (Federation)$vBibliography.
=650  \0$aNational security$zRussia$vBibliography.
=651  \0$aRussia (Federation)$vNewspapers$vBibliography.
=651  \0$aFormer Soviet republics$vNewspapers$vBibliography.
=852  41$aBritish Library$bHMNTS$je-media
=856  40$uhttp://dlib.eastview.com$zFor subscribers only; BL Reading Room access
=957  \\$a030609p
=985  \\$aUpgraded by BSS-generated file for WR2011-1473
=CAT  \\$aCONV$b00$c20040425$lBLL90$h0720
=CAT  \\$aCONV$b00$c20040502$lBLL01$h1509
=CAT  \\$aBATCH$b00$c20091123$lBLL01$h0139
=CAT  \\$aBATCH-UPD$b00$c20131021$lBLL01$h1141
=CAT  \\$aWR14_140$c20140905$lBLL01$h1800
=CAT  \\$aW2011-1473$b00$c20201124$lBLL01$h1853
=FIN  \\$aY
=FMT  \\$a  SE
=LAS  \\$aW2011-1473$b00$c20201124$lBLL01$h1853
=LEO  \\$aMP13.0000125169
=SRC  \\$aHSS01$bbibmp13.200404.2.aa
=STA  \\$aSUPPRESSED$bDatabase
=TCO  \\$aTRS$bCCC$c008

