=LDR  02320 ai a2200577 a 4500
=001  012965356
=003  Uk
=005  20090327120557.0
=006  m\\\\\\\\d\|\\\\\\
=007  cr||||||||||||
=008  040806c199u9999xxuuu\d\s\\\\\0\\\a2chi\\
=FMT  \\$a  SE
=040  \\$aUk$beng$cUk$dUk
=041  0\$achi$beng
=042  \\$aukblsr
=082  04$a001.3$222
=245  00$aChina academic journals full-text database.$nF,$pLiterature, history, philosophy$h[electronic resource].
=246  13$aCAJ full-text database.$n[F]
=246  13$aChina academic journals.$n[F]
=247  10$aChina academic journals.$p[Social sciences & humanities (CAJ-EDU).$nSeries F,$pLiterature, history, philosophy]
=260  \\$aMinneapolis, Min. :$bEast View Information Services
=336  \\$atext$2rdacontent
=337  \\$acomputer$2rdamedia
=338  \\$aonline resource$2rdacarrier
=538  \\$aMode of access: World Wide Web.
=546  \\$aInterface in English or Chinese.
=520  \\$aFull text articles from hundreds of Chinese academic journals on literature/history/philosophy from 1994 to present. Many journals in Chinese include English abstracts.
=500  \\$aTitle from English interface search screen (viewed Mar. 27, 2009).
=650  \0$aSocial sciences$xPeriodicals.
=650  \0$aHumanities$xPeriodicals.
=650  \0$aSocial sciences$xPeriodicals$vIndexes.
=650  \0$aHumanities$xPeriodicals$vIndexes.
=650  \0$aChinese periodicals.
=650  \0$aChinese periodicals$vIndexes.
=856  40$uhttp://online.eastview.com/cnki_login/$zFor subscribers only; BL Reading Room access
=852  41$aBritish Library$bHMNTS$je-media
=CAT  \\$a6946$b40$c20040806$lBLL01$h1111
=CAT  \\$a6946$b40$c20040806$lBLL01$h1114
=CAT  \\$a6946$b40$c20040806$lBLL01$h1133
=CAT  \\$a6946$b40$c20040806$lBLL01$h1141
=CAT  \\$a3072$b40$c20050623$lBLL01$h1209
=CAT  \\$a3072$b40$c20050623$lBLL01$h1615
=CAT  \\$a3072$b40$c20050623$lBLL01$h1651
=CAT  \\$a3072$b40$c20090327$lBLL01$h1159
=CAT  \\$a3072$b40$c20090327$lBLL01$h1203
=CAT  \\$a3072$b40$c20090327$lBLL01$h1205
=CAT  \\$aBATCH-UPD$b40$c20131021$lBLL01$h1141
=FIN  \\$aY$d20050623
=STA  \\$aSUPPRESSED$bDatabase
=TCO  \\$aTRS$bCCC$c008
=LAS  \\$aBATCH-UPD$b40$c20131021$lBLL01$h1141

