=LDR  02191 as a2200517 a 4500
=001  012984288
=003  Uk
=005  20050630145722.0
=006  m\\\\\\\\d\|\\\\\\
=007  cr||||||||||||
=008  040905c200u9999ne\uu\p\s\\\\\0\\\a0eng\\
=FMT  \\$a  SE
=040  \\$aUk$beng$cUk
=042  \\$aukblsr
=082  04$a702.94$222
=245  00$aArt sales catalogues$h[electronic resource].
=260  \\$aLeiden :$bIDC.
=336  \\$atext$2rdacontent
=337  \\$acomputer$2rdamedia
=338  \\$aonline resource$2rdacarrier
=538  \\$aMode of access: World Wide Web.
=546  \\$aInterface in English and French.
=550  \\$aPublished in association with the Netherlands Institute for Art History.
=520  \\$aOnline version of "Lugt's Répertoire des catalogues de ventes publiques" is included in this publication. Lists art sale catalogues published 1600 to 1900. With full text digital facsimiles of selected catalogues issued before 1825. "Lugt's répertoire online" is also catalogued separately.
=500  \\$aDescription based on home page (viewed on 30 June. 2005)
=650  \0$aArt$zEurope$xHistory$vSources.
=650  \0$aArt$zUnited States$xHistory$vSources.
=650  \0$aArt auctions$zEurope$vCatalogs.
=650  \0$aArt auctions$zUnited States$vCatalogs.
=700  1\$aLugt, Frits,$d1884-1970.
=710  1\$aNetherlands.$bRijksbureau voor Kunsthistorische Documentatie.
=787  0\$tRépertoire des catalogues de ventes publiques
=730  02$aLugt's répertoire online
=856  40$uhttp://asc.idcpublishers.info/$zFor subscribers only, requires user name and password; BL Reading Room access
=852  41$aBritish Library$bHMNTS$je-media
=CAT  \\$a6946$b40$c20040905$lBLL01$h1156
=CAT  \\$a6946$b40$c20041216$lBLL01$h1600
=CAT  \\$a3072$b40$c20050630$lBLL01$h1442
=CAT  \\$a3072$b40$c20050630$lBLL01$h1457
=CAT  \\$a6470$b40$c20060306$lBLL01$h1145
=CAT  \\$aBATCH-UPD$b40$c20100908$lBLL01$h1637
=CAT  \\$aBATCH-UPD$b40$c20131021$lBLL01$h1141
=FIN  \\$aY$d20050630
=STA  \\$aSUPPRESSED$bDatabase
=TCO  \\$aNLD$bSTICHTING REPRORECHT$c008
=LAS  \\$aBATCH-UPD$b40$c20131021$lBLL01$h1141

