=LDR  01835 as a2200457 a 4500
=001  013055228
=003  Uk
=005  20050919160518.0
=006  m\\\\\\\\d\|\\\\\\
=007  cr||||||||||||
=008  041202c20049999xxuqr\p\si\\\\0\\\a0eng\\
=FMT  \\$a  SE
=037  \\$aNo price
=040  \\$aUk$beng$cUk
=042  \\$aukblsr
=082  04$a016.78026$222
=245  00$aIndex to printed music: collections & series$h[electronic resource].
=260  \\$a[Baltimore, Md.] :$bNISC International Inc.
=310  \\$aQuarterly
=336  \\$atext$2rdacontent
=337  \\$acomputer$2rdamedia
=338  \\$aonline resource$2rdacarrier
=538  \\$aMode of access: World Wide Web.
=500  \\$aPart of NISC's BiblioLine Web search service.
=520  \\$aA database for finding individual pieces of music published in standard scholarly editions, such as 'Collected works'. The music included is published in sets and series and organized according to various criteria, e.g. by composer, by geographical area, or by time or style period.
=500  \\$aTitle from title page (viewed on 21 June 2005)
=650  \0$aMusic$vThematic catalogs.
=650  \0$aMusic$xScores$vIndexes.
=856  40$uhttp://biblioline.nisc.com/scripts/login.dll?BiblioLine&dbname=QGHI$zFor subscribers only; BL Reading Room access
=852  41$aBritish Library$bHMNTS$je-media
=852  41$aBritish Library$bMUSIC$je-media
=CAT  \\$a6946$b40$c20041202$lBLL01$h1915
=CAT  \\$a6946$b40$c20041202$lBLL01$h1916
=CAT  \\$a8874$b40$c20050520$lBLL01$h0859
=CAT  \\$a3072$b40$c20050621$lBLL01$h1552
=CAT  \\$a11279$b40$c20050919$lBLL01$h1605
=CAT  \\$aBATCH-UPD$b40$c20131021$lBLL01$h1141
=FIN  \\$aY$d20050621
=STA  \\$aSUPPRESSED$bDatabase
=TCO  \\$aTRS$bCCC$c008
=LAS  \\$aBATCH-UPD$b40$c20131021$lBLL01$h1141

