=LDR  01445 am a2200421 a 4500
=001  013108344
=003  Uk
=005  20050412114951.0
=006  m\\\\|\\\d\|\\\\\\
=007  cr||||||||||||
=008  050210s2003\\\\enk\\\\\s\\\\||0|\0\eng\\
=FMT  \\$a  BK
=015  \\$aGBA515017$2bnb
=020  \\$cNo price
=040  \\$aUk$beng$cUk
=042  \\$aukblsr
=082  04$a005.133$222
=245  00$aJava applications$h[electronic resource] :service opportunities in the mobile network.
=260  \\$a[London] :$bOvum Ltd.,$cc2003.
=336  \\$atext$2rdacontent
=337  \\$acomputer$2rdamedia
=338  \\$aonline resource$2rdacarrier
=538  \\$aMode of access: World Wide Web.
=538  \\$aSystem requirements: IBM compatible PC; Windows; Adobe Acrobat Reader.
=500  \\$aTitle from title screen.
=516  \\$aPDF format.
=650  \0$aJava (Computer program language)
=650  \0$aBusiness enterprises.
=650  \0$aWireless communication systems.
=856  4\$uhttp://store.ovum.com/detail.aspx?ID=696$zPublisher's abstract.
=852  41$aBritish Library$bHMNTS$jYF.2005.a.14081
=CAT  \\$a6524$b40$c20050210$lBLL01$h1120
=CAT  \\$a11281$b40$c20050222$lBLL01$h1000
=CAT  \\$a11249$b40$c20050412$lBLL01$h1149
=CAT  \\$aW1711-1225$c20171203$lBLL01$h1021
=FIN  \\$aY$d20050222
=STA  \\$aSUPPRESSED$bunable to determine reason for suppression
=LAS  \\$aW1711-1225$b00$c20171203$lBLL01$h1021

