=LDR  01744 as a2200457 a 4500
=001  013111002
=003  Uk
=005  20050922094936.0
=006  m\\\\\\\\d\|\\\\\\
=007  cr||||||||||||
=008  050215c200u9999xxuuu\p\s\\\\\0\\\a0eng\\
=FMT  \\$a  SE
=040  \\$aUk$beng$cUk
=042  \\$aukblsr
=082  04$a328.73$222
=245  00$aAmerican state papers, 1789-1838$h[electronic resource].
=260  \\$a[Chester, VT] :$bReadex.
=336  \\$atext$2rdacontent
=337  \\$acomputer$2rdamedia
=338  \\$aonline resource$2rdacarrier
=490  1\$aReadex.$aArchive of Americana
=538  \\$aMode of access: World Wide Web.
=520  \\$aU.S. congressional materials originating from 1789 and covering through 1838, but not published until the second and third quarters of the 19th century. Includes 1st congress, 1st session through 25th congress, 2nd session.
=500  \\$aTitle from search screen (viewed on 20 Sept. 2005)
=610  10$aUnited States.$bCongress.
=651  \0$aUnited States$xPolitics and government.
=651  \0$aUnited States$xHistory$vSources.
=710  1\$aUnited States.$bCongress.
=710  2\$aReadex, Inc.
=830  \0$aReadex digital collections.$pArchive of Americana
=856  40$uhttp://infoweb.newsbank.com$zFor subscribers only; BL Reading Room access
=852  41$aBritish Library$bHMNTS$je-media
=CAT  \\$a6946$b40$c20050215$lBLL01$h0816
=CAT  \\$a6946$b40$c20050425$lBLL01$h1444
=CAT  \\$a3072$b40$c20050920$lBLL01$h1658
=CAT  \\$a3072$b40$c20050922$lBLL01$h0949
=CAT  \\$aBATCH-UPD$b40$c20131021$lBLL01$h1141
=FIN  \\$aY$d20050922
=STA  \\$aSUPPRESSED$bDatabase
=TCO  \\$aTRS$bCCC$c008
=LAS  \\$aBATCH-UPD$b40$c20131021$lBLL01$h1141

