=LDR  02554 as a2200565 a 4500
=001  013127651
=003  Uk
=005  20060310105940.0
=006  m\\\\\\\\d\|\\\\\\
=007  cr||||||||||||
=008  050306c199u9999xxumr\p\s\\\\\0\\\a0eng\\
=FMT  \\$a  SE
=040  \\$aUk$beng$cUk
=042  \\$aukblsr
=082  04$a011.34098$222
=245  00$aHAPI online$h[electronic resource].
=246  1\$iAlso called:$aHispanic American periodicals index
=260  \\$a[Los Angeles, CA] :$bUCLA Latin American Center
=310  \\$aUpdated monthly
=336  \\$atext$2rdacontent
=337  \\$acomputer$2rdamedia
=338  \\$aonline resource$2rdacarrier
=538  \\$aMode of access: World Wide Web.
=530  \\$aAlso issued in print format under title: HAPI : Hispanic American periodicals index.
=500  \\$aBegan in 1997?
=550  \\$aProduced by the center under its earlier name: University of California, Los Angeles. Latin American Center, <Nov. 4, 1999>
=520  \\$aIndexes more than 500 key social science and humanities journals containing information about Central and South America, Mexico, the Caribbean basin, the United States-Mexico border region, and Hispanics in the United States. Coverage dates from 1970 onwards and includes articles, book reviews and original literary works. Many of the citations are linked to full text.
=500  \\$aTitle from home page (viewed on 8 Mar. 2006).
=650  \0$aLatin America$vIndexes.
=650  \0$aHispanic Americans$xPeriodicals$vIndexes.
=651  \0$aLatin America$xPeriodicals$vIndexes.
=710  2\$aUCLA Latin American Center.
=710  2\$aUniversity of California, Los Angeles.$bLatin American Center.
=787  1\$tHAPI$x0270-8558
=856  40$uhttp://hapi.gseis.ucla.edu$zFor subscribers only; BL Reading Room access
=852  41$aBritish Library$bHMNTS$je-media
=CAT  \\$a6946$b40$c20050306$lBLL01$h0743
=CAT  \\$a6946$b40$c20050306$lBLL01$h0847
=CAT  \\$a6946$b40$c20050306$lBLL01$h0855
=CAT  \\$a6946$b40$c20050306$lBLL01$h1335
=CAT  \\$a3072$b40$c20060309$lBLL01$h1657
=CAT  \\$a3072$b40$c20060309$lBLL01$h1713
=CAT  \\$a3072$b40$c20060310$lBLL01$h1023
=CAT  \\$a3072$b40$c20060310$lBLL01$h1059
=CAT  \\$aBATCH-UPD$b40$c20131021$lBLL01$h1141
=FIN  \\$aY$d20060310
=LKR  \\$aPAR$b009203300$lBLL01$r787$mHispanic american periodicals index : HAPI.$nHISPANIC AMERICAN PERIODICALS INDEX.
=STA  \\$aSUPPRESSED$bDatabase
=TCO  \\$aTRS$bCCC$c008
=LAS  \\$aBATCH-UPD$b40$c20131021$lBLL01$h1141

