=LDR  01474 as a2200397 a 4500
=001  013133631
=003  Uk
=005  20050311170837.0
=006  m\\\\\\\\d\|\\\\\\
=007  cr||||||||||||
=008  050311c199u9999enkuu\p\sia\\\0\\\a0eng\\
=FMT  \\$a  SE
=015  \\$aGBA522331$2bnb
=040  \\$aUk$beng$cUk
=042  \\$aukblsr
=082  04$a011.34$222
=245  00$aInside web$h[electronic resource] /$cThe British Library.
=260  \\$a[Boston Spa] :$bBritish Library.
=336  \\$atext$2rdacontent
=337  \\$acomputer$2rdamedia
=338  \\$aonline resource$2rdacarrier
=538  \\$aMode of access: World Wide Web.
=500  \\$aTitle from home page (viewed on 11 Mar. 2005)
=520  \\$aBL Document Supply current awareness service covering table of contents and some abstracts for their top 20,000 plus most popular journals and conferences. Covers 1993 onwards.
=650  \0$aPeriodicals$vIndexes.
=650  \0$aPeriodicals$vAbstracts.
=650  \0$aCongresses and conventions$vIndexes.
=650  \0$aCongresses and conventions$vAbstracts.
=710  2\$aBritish Library.
=856  40$uhttp://inside.bl.uk$zFor subscribers only, requires user name and password; BL Reading Room access
=852  41$aBritish Library$bHMNTS$je-media
=CAT  \\$a3072$b40$c20050311$lBLL01$h1708
=CAT  \\$aBATCH-UPD$b40$c20131021$lBLL01$h1141
=STA  \\$aSUPPRESSED$bDatabase
=TCO  \\$aCLA$bCLA$c008
=LAS  \\$aBATCH-UPD$b40$c20131021$lBLL01$h1141

