=LDR  01697 am a2200469 a 4500
=001  013172855
=003  Uk
=005  20050408140248.0
=006  m\\\\|\\\d\|\\\\\\
=007  cr|mn\||||||||
=008  050408s2002\\\\enk||||\s\\\\|00|\0\eng\\
=FMT  \\$a  BK
=015  \\$aGBA530225$2bnb
=020  \\$a0231503725 :$cNo price
=040  \\$aUk$beng$cUk
=042  \\$aukblsr
=082  04$a305.8914$222
=100  1\$aHardgrove, Anne.
=245  10$aCommunity and public culture$h[electronic resource] /$bthe Marwaris in Calcutta, c.1897-1997 /$cby Anne Hardgrove.
=260  \\$aNew York ;$aChichester :$bColumbia University Press,$cc2002.
=336  \\$atext$2rdacontent
=337  \\$acomputer$2rdamedia
=338  \\$aonline resource$2rdacarrier
=538  \\$aMode of access: World Wide Web.
=500  \\$aTitle from title screen (viewed on April 8, 2005)
=500  \\$aAvailable in: Gutenberg-e.
=504  \\$aIncludes bibliographical references.
=650  \0$aMarwaris$zIndia$zCalcutta.
=651  \0$aCalcutta (India)$xSocial life and customs.
=690  7\$aSocial Welfare$2blcoll
=740  0\$aGutenberg-e.
=856  4\$uhttp://www.gutenberg-e.org$zFor subscribers only; BL Reading Room access, username and password required.
=852  41$aBritish Library$bHMNTS$je-media
=985  \\$aCorrected by BSS-generated file
=CAT  \\$a11281$b40$c20050408$lBLL01$h1402
=CAT  \\$aBLSS-CORR$b00$c20080705$lBLL01$h2201
=CAT  \\$aBATCH$b00$c20110625$lBLL01$h0513
=CAT  \\$aBATCH-SWP4$c20110627$lBLL01$h1555
=CAT  \\$aBATCH-UPD$b00$c20131021$lBLL01$h1141
=FIN  \\$aY$d20050406
=STA  \\$aSUPPRESSED$bDatabase
=LAS  \\$aBATCH-UPD$b00$c20131021$lBLL01$h1141

