=LDR  01625 am a2200445 a 4500
=001  013172859
=003  Uk
=005  20050801093956.0
=006  m\\\\|\\\d\|\\\\\\
=007  cr|mna||||||||
=008  050408s2002\\\\enk||||\sb\\\|00|\0\eng\\
=FMT  \\$a  BK
=015  \\$aGBA530255$2bnb
=020  \\$a023150375X :$cNo price
=040  \\$aUk$beng$cUk
=042  \\$aukblsr
=082  04$a954.03$222
=100  1\$aKatten, Michael.
=245  10$aColonial lists / Indian power$h[electronic resource] :$bidentity politics in nineteenth century Telugu-speaking India /$cMichael Katten.
=260  \\$aNew York ;$aChichester :$bColumbia University Press,$cc2002.
=336  \\$atext$2rdacontent
=337  \\$acomputer$2rdamedia
=338  \\$aonline resource$2rdacarrier
=516  \\$aText, images, video and sound.
=538  \\$aMode of access: World Wide Web.
=500  \\$aTitle from title screen (viewed on April 8, 2005)
=500  \\$aAvailable in: Gutenberg-e.
=504  \\$aIncludes bibliographical references.
=650  \0$aTelugu (Indic people)$zIndia, South.
=650  \0$aCaste$zIndia, South.
=651  \0$aIndia$xHistory$yBritish occupation, 1765-1947.
=740  0\$aGutenberg-e.
=856  4\$uhttp://www.gutenberg-e.org$zFor subscribers only; BL Reading Room access, username and password required.
=852  41$aBritish Library$bHMNTS$je-media
=CAT  \\$a11281$b40$c20050408$lBLL01$h1403
=CAT  \\$a11279$b40$c20050801$lBLL01$h0939
=CAT  \\$aBATCH-UPD$b40$c20131021$lBLL01$h1141
=FIN  \\$aY$d20050406
=STA  \\$aSUPPRESSED$bDatabase
=LAS  \\$aBATCH-UPD$b40$c20131021$lBLL01$h1141

