=LDR  02141 as a2200505 a 4500
=001  013174103
=003  Uk
=005  20050706171709.0
=006  m\\\\\\\\d\|\\\\\\
=007  cr||||||||||||
=008  050412c200u9999xxuuu\p\s\\\\\0\\\a0eng\\
=FMT  \\$a  SE
=040  \\$aUk$beng$cUk
=042  \\$aukblsr
=082  04$a071.3$222
=245  00$aEarly American newspapers.$nSeries I, 1690-1876$h[electronic resource].
=260  \\$a[Chester, VT] :$bNewsBank.
=336  \\$atext$2rdacontent
=337  \\$acomputer$2rdamedia
=338  \\$aonline resource$2rdacarrier
=490  1\$aReadex.$aArchive of Americana
=538  \\$aMode of access: World Wide Web.
=520  \\$aReproductions of hundreds of historic newspapers, providing more than one million pages as fully text-searchable facsimile images. The collection is based largely on Clarence Brigham's "History and Bibliography of American Newspapers, 1690-1820".
=500  \\$aTitle from database selection screen (viewed on 28 June 2005)
=650  \0$aAmerican newspapers$y18th century.
=650  \0$aAmerican newspapers$y18th century$vIndexes.
=650  \0$aAmerican newspapers$y19th century.
=650  \0$aAmerican newspapers$y19th century$vIndexes.
=700  1\$aBrigham, Clarence S.$q(Clarence Saunders),$d1877-1963.$tHistory and bibliography of American newspapers, 1690-1820.
=710  2\$aNewsBank, inc.
=830  \0$aReadex digital collections.$pArchive of Americana
=856  40$uhttp://infoweb.newsbank.com$zFor subscribers only, follow links to resource; BL Reading Room access
=852  41$aBritish Library$bHMNTS$je-media
=CAT  \\$a6946$b40$c20050412$lBLL01$h1342
=CAT  \\$a6946$b40$c20050412$lBLL01$h1343
=CAT  \\$a3072$b40$c20050628$lBLL01$h1139
=CAT  \\$a3072$b40$c20050706$lBLL01$h1712
=CAT  \\$a3072$b40$c20050706$lBLL01$h1717
=CAT  \\$aBATCH-UPD$b40$c20120802$lBLL01$h0157
=CAT  \\$aBATCH-UPD$b40$c20131021$lBLL01$h1141
=CAT  \\$aBATCH-UPD$b40$c20160414$lBLL01$h2100
=FIN  \\$aY$d20050706
=STA  \\$aSUPPRESSED$bDatabase
=TCO  \\$aTRS$bCCC$c008
=LAS  \\$aBATCH-UPD$b40$c20160414$lBLL01$h2100

