=LDR  01471 as a2200385 a 4500
=001  013176872
=003  Uk
=005  20050414144946.0
=006  m\\\\\\\\d\|\\\\\\
=007  cr\cn|||||||||
=008  050414c200u9999xxuuu\p\sd\\\\0\\\a0mul\\
=FMT  \\$a  SE
=040  \\$aUk$beng$cUk
=042  \\$aukblsr
=082  04$a413$222
=245  00$aDigital dictionaries of South Asia$h[electronic resource].
=246  1\$iAlso known as:$aDDSA
=260  \\$a[Chicago?] :$b[University of Chicago?].
=336  \\$atext$2rdacontent
=337  \\$acomputer$2rdamedia
=338  \\$aonline resource$2rdacarrier
=538  \\$aMode of access: World Wide Web.
=520  \\$aAim of this project is to provide digital versions of at least one multilingual dictionary for each of the literary languages of South Asia, and a monolingual dictionary for each of the more frequently taught languages.
=500  \\$aTitle from home page (viewed on 14 Apr. 2005)
=650  \0$aElectronic dictionaries.
=651  \0$aAsia, Southeastern$xLanguages$vDictionaries$xPolyglot.
=856  40$uhttp://dsal.uchicago.edu/dictionaries/index.html$zBL Reading Room access
=852  41$aBritish Library$bHMNTS$je-media
=CAT  \\$a3072$b40$c20050414$lBLL01$h1436
=CAT  \\$a3072$b40$c20050414$lBLL01$h1449
=CAT  \\$aBATCH-UPD$b40$c20131021$lBLL01$h1141
=FIN  \\$aY$d20050414
=STA  \\$aSUPPRESSED$bDatabase
=TCO  \\$aTRS$bCCC$c008
=LAS  \\$aBATCH-UPD$b40$c20131021$lBLL01$h1141

