=LDR  01837 as a2200481 a 4500
=001  013193805
=003  Uk
=005  20060421112538.0
=006  m\\\\\\\\d\|\\\\\\
=007  cr||||||||||||
=008  050509c20019999xxuuu\p\s\\\\\0\\\a0eng\\
=FMT  \\$a  SE
=015  \\$aGBA624084$2bnb
=040  \\$aUk$beng$cUk
=042  \\$aukblsr
=082  04$a920.720941$222
=245  00$aBritish and Irish women's letters and diaries$h[electronic resource].
=246  3\$aBWLD
=260  \\$aAlexandria, Va :$bAlexander Street Press, in collaboration with the University of Chicago,$c[2001]-
=336  \\$atext$2rdacontent
=337  \\$acomputer$2rdamedia
=338  \\$aonline resource$2rdacarrier
=538  \\$aMode of access: World Wide Web.
=500  \\$aTitle from home page (viewed on 17 Feb. 2006)
=520  \\$aIncludes more than 100,000 pages of primary materials spanning more than 300 years, from the 16th century onwards; also includes biographical information and a bibliography of sources.
=650  \0$aWomen$zGreat Britain$vDiaries.
=650  \0$aWomen$zIreland$vDiaries.
=650  \0$aWomen$zGreat Britain$vCorrespondence.
=650  \0$aWomen$zIreland$vCorrespondence.
=650  \0$aDiaries$xWomen authors.
=650  \0$aLetters$xWomen authors.
=710  2\$aUniversity of Chicago.
=856  40$uhttp://www.alexanderstreet2.com/bwldlive/$zFor subscribers only, BL Reading Room access
=852  41$aBritish Library$bHMNTS$je-media
=CAT  \\$a6946$b40$c20050509$lBLL01$h1731
=CAT  \\$a6946$b40$c20050509$lBLL01$h1732
=CAT  \\$a3072$b40$c20060217$lBLL01$h1520
=CAT  \\$a3072$b40$c20060421$lBLL01$h1125
=CAT  \\$aBATCH-UPD$b40$c20131021$lBLL01$h1141
=FIN  \\$aY$d20060217
=STA  \\$aSUPPRESSED$bDatabase
=TCO  \\$aTRS$bCCC$c008
=LAS  \\$aBATCH-UPD$b40$c20131021$lBLL01$h1141

