=LDR  02186 as a2200493 a 4500
=001  013209121
=003  Uk
=005  20050825101507.0
=006  m\\\\\\\\d\|\\\\\\
=007  cr||||||||||||
=008  050527c200u9999xxuar\p\s\\\\\0\\\a0eng\\
=FMT  \\$a  SE
=040  \\$aUk$beng$cUk
=042  \\$aukblsr
=082  04$a016.297$222
=245  00$aIndex Islamicus$h[electronic resource].
=260  \\$aBethesda, Md. :$bCSA Illumina.
=310  \\$aUpdated annually
=336  \\$atext$2rdacontent
=337  \\$acomputer$2rdamedia
=338  \\$aonline resource$2rdacarrier
=538  \\$aMode of access: World Wide Web.
=520  \\$aInternational classified bibliography of publications in European languages on all aspects of Islam and the Muslim world. The publications recorded are journal articles, books and reviews. All essays and papers contained in multi-author volumes are recorded, classified and indexed separately. About 2500 periodicals are surveyed, including general history, social science, history of science and arts titles as well as specialist area- and subject-based ones. Some relevant articles and reviews published electronically are also recorded.
=500  \\$aTitle from database selection screen (viewed on 14 July 2005)
=650  \0$aCivilization, Islamic$vIndexes.
=650  \0$aIslam$vIndexes.
=651  \0$aAfrica, North$vIndexes.
=651  \0$aMiddle East$vIndexes.
=710  2\$aCambridge Scientific Abstracts, Inc.
=787  0\$tIndex Islamicus on CD-ROM
=856  40$uhttp://uk1.csa.com$zFor subscribers only, requires user name and password; BL Reading Room access
=852  41$aBritish Library$bHMNTS$je-media
=CAT  \\$a6946$b40$c20050527$lBLL01$h1622
=CAT  \\$a6946$b40$c20050527$lBLL01$h1631
=CAT  \\$a3072$b40$c20050714$lBLL01$h1017
=CAT  \\$a3072$b40$c20050714$lBLL01$h1349
=CAT  \\$a3072$b40$c20050818$lBLL01$h1637
=CAT  \\$a3072$b40$c20050825$lBLL01$h1015
=CAT  \\$a11306$b40$c20061010$lBLL01$h0847
=CAT  \\$aBATCH-UPD$b40$c20131021$lBLL01$h1141
=FIN  \\$aY$d20050818
=STA  \\$aSUPPRESSED$bDatabase
=TCO  \\$aTRS$bCCC$c008
=LAS  \\$aBATCH-UPD$b40$c20131021$lBLL01$h1141

