=LDR  02136 as a2200493 a 4500
=001  013273655
=003  Uk
=005  20050818143714.0
=006  m\\\\\\\\d\|\\\\\\
=007  cr||||||||||||
=008  050816c200u9999enkdr\p\si\\\\0\\\a0eng\\
=FMT  \\$a  SE
=015  \\$aGBA568582$2bnb
=037  \\$aNo price
=040  \\$aUk$beng$cUk
=042  \\$aukblsr
=082  04$a011.34$222
=245  00$aZetoc :$belectronic table of contents$h[electronic resource].
=260  \\$aManchester :$bMIMAS.
=336  \\$atext$2rdacontent
=337  \\$acomputer$2rdamedia
=338  \\$aonline resource$2rdacarrier
=538  \\$aMode of access: World Wide Web.
=500  \\$a"Service provided by MIMAS at the University of Manchester on behalf of the British Library and the JISC".
=520  \\$aCurrent awareness service that provides Z39.50 compliant access to the British Library Document Supply service electronic table of contents database of over 20,000 current journals and 16,000 conference proceedings in a wide range of subject areas including science, technology, medicine, engineering, business, law, finance and the humanities.
=506  \\$aRestricted to readers at subscribing instititions. Athens password required.
=500  \\$aTitle from home page (viewed on 16th Aug. 2005)
=610  20$aBritish Library.$bDocument Supply Centre$vCatalogs.
=650  \0$aPeriodicals$vIndexes.
=650  \0$aCongresses and conventions$vIndexes.
=710  2\$aUniversity of Manchester.$bManchester Computing.
=710  2\$aJoint Information Systems Committee.
=710  2\$aBritish Library.
=856  40$uhttp://www.bl.uk/collections/wider/eresources/title/eresourcesz.html#Z$zBL Reading Room access
=852  41$aBritish Library$bHMNTS$je-media
=CAT  \\$a3072$b40$c20050816$lBLL01$h1214
=CAT  \\$a3072$b40$c20050816$lBLL01$h1223
=CAT  \\$a3072$b40$c20050818$lBLL01$h1437
=CAT  \\$a5194$b40$c20060110$lBLL01$h1023
=CAT  \\$aBATCH-UPD$b40$c20131021$lBLL01$h1142
=FIN  \\$aY$d20050818
=STA  \\$aSUPPRESSED$bDatabase
=TCO  \\$aCLA$bCLA$c008
=LAS  \\$aBATCH-UPD$b40$c20131021$lBLL01$h1142

