=LDR  02306 as a2200601 a 4500
=001  013284142
=003  Uk
=005  20171215152228.0
=006  m\\\\\\\\d\|\\\\\\
=007  cr||||||||||||
=008  050831d200u2005enkuu\p\s\\\\\0\\\a0eng\\
=FMT  \\$a  SE
=015  \\$aGBA593856$2bnb
=022  0\$a1749-5253$202
=040  \\$aUk$beng$cUk
=042  \\$aukblsr$aissnuk
=082  04$a344.410125205$222
=222  \0$aOPRA bulletin online
=245  00$aOPRA bulletin online$h[electronic resource].
=246  3\$aOccupational Pensions Regulatory Authority bulletin online
=246  13$aOPRA bulletinonline
=260  \\$a[Brighton] :$b[The Pensions Regulator,
=336  \\$atext$2rdacontent
=337  \\$acomputer$2rdamedia
=338  \\$aonline resource$2rdacarrier
=538  \\$aMode of access: email in PDF format.
=530  \\$aAlso available via the web site.
=500  \\$aTitle from caption.
=580  \\$aContinues print publication
=500  \\$aBegan with issue 32 (Sept. 2004)?
=500  \\$aDescription based on: issue 32 (Sept. 2004)
=610  20$aOccupational Pensions Regulatory Authority$vPeriodicals.
=650  \0$aPensions$xLaw and legislation$zGreat Britain$vPeriodicals.
=650  \0$aPension trusts$xLaw and legislation$zGreat Britain$vPeriodicals.
=780  10$aOccupational Pensions Regulatory Authority.$tOPRA bulletin$x1465-5594
=856  4\$uhttp://www.thepensionsregulator.gov.uk/$zLink no longer valid
=852  41$aBritish Library$bHMNTS$jE-journal DOM$3Issue 32 (2004)-
=CAT  \\$a10902$b40$c20050831$lBLL01$h1049
=CAT  \\$a3072$b40$c20051103$lBLL01$h1402
=CAT  \\$a3072$b40$c20051103$lBLL01$h1407
=CAT  \\$a3072$b40$c20051103$lBLL01$h1409
=CAT  \\$a3072$b40$c20051103$lBLL01$h1659
=CAT  \\$a3072$b40$c20060112$lBLL01$h1529
=CAT  \\$a3072$b40$c20060112$lBLL01$h1622
=CAT  \\$a11251$b40$c20071102$lBLL01$h1449
=CAT  \\$a8201$b40$c20120321$lBLL01$h1213
=CAT  \\$aW1711-1225$c20171203$lBLL01$h1022
=CAT  \\$a11313$b40$c20171215$lBLL01$h1522
=FIN  \\$aY$d20051103
=LKR  \\$aPAR$b007183752$lBLL01$r78000$mOPRA bulletin online.$nOPRA BULLETIN.
=STA  \\$aSUPPRESSED$bunable to determine reason for suppression
=TCO  \\$aCLA$bCLA$c008
=LAS  \\$a11313$b40$c20171215$lBLL01$h1522

