=LDR  02002 as a2200481 a 4500
=001  013285129
=003  Uk
=005  20060217165742.0
=006  m\\\\\\\\d\|\\\\\\
=007  cr||||||||||||
=008  050901c200u9999at\uu\p\s\\\\\0\\\a0eng\\
=FMT  \\$a  SE
=040  \\$aUk$beng$cUk
=042  \\$aukblsr
=082  04$a016.82080994$222
=245  00$aAustLit$h[electronic resource] :$bthe resource for Australian literature.
=246  13$aResource for Australian literature
=260  \\$aBrisbane :$bAustLit
=336  \\$atext$2rdacontent
=337  \\$acomputer$2rdamedia
=338  \\$aonline resource$2rdacarrier
=538  \\$aMode of access: World Wide Web.
=550  \\$a"Collaboration between 8 Australian universities and the National Library of Australia" - About screen.
=550  \\$a"Compiled at the University of Queensland" - About screen.
=520  \\$aIndexes and describes Australian literature (from 1780 to the present) published in a range of print and electronic information sources. It includes biographical and bibliographical information, and also makes available selected critical articles and creative writing in full text.
=500  \\$aTitle from home page (viewed on 17th Feb. 2006)
=650  \0$aAustralian literature$vIndexes.
=650  \0$aAustralian literature.
=650  \0$aAustralian literature$xHistory and criticism.
=710  2\$aNational Library of Australia.
=710  2\$aUniversity of Queensland.
=787  0\$tAustLit (Melbourne)$x1037-8472
=787  0\$tAustLit (CD-ROM)
=856  40$uhttp://www.austlit.edu.au/$zFor subscribers only; BL Reading Room access
=852  41$aBritish Library$bHMNTS$je-media
=CAT  \\$a6946$b40$c20050901$lBLL01$h1521
=CAT  \\$a6946$b40$c20050901$lBLL01$h1522
=CAT  \\$a3072$b40$c20060217$lBLL01$h1657
=CAT  \\$aBATCH-UPD$b40$c20131021$lBLL01$h1141
=FIN  \\$aY$d20060217
=STA  \\$aSUPPRESSED$bDatabase
=TCO  \\$aAUS$bCAL$c008
=LAS  \\$aBATCH-UPD$b40$c20131021$lBLL01$h1141

