=LDR  01953 as a2200505 a 4500
=001  013336195
=003  Uk
=005  20060421102831.0
=006  m\\\\\\\\d\|\\\\\\
=007  cr||||||||||||
=008  051114c20049999enktr\p\sdb\\\0\\\a0eng\\
=FMT  \\$a  SE
=015  \\$aGBA626393$2bnb
=022  0\$a1747-1001$202
=040  \\$aUk$beng$cUk
=042  \\$aukblsr$aissnuk
=082  04$a920.041$222
=130  0\$aOxford dictionary of national biography (Online)
=222  \0$aOxford dictionary of national biography$b(Online)
=245  10$aOxford dictionary of national biography$h[electronic resource].
=246  13$aOxford DNB
=246  13$aDNB
=260  \\$aOxford :$bOxford University Press,$c[2004]-
=310  \\$aUpdated 3 times per year
=336  \\$atext$2rdacontent
=337  \\$acomputer$2rdamedia
=338  \\$aonline resource$2rdacarrier
=538  \\$aMode of access: World Wide Web.
=520  \\$aAn illustrated collection of 50,000 specially written biographies of the men and women who shaped all aspects of Britain's past, from the fourth century BC to the year 2000, with 10,000 portrait illustrations. Also includes the entire text of the first DNB.
=500  \\$aTitle from home page (viewed on 24th Feb. 2006)
=650  \0$aBritish$vBiography$vDictionaries.
=651  \0$aGreat Britain$vBiography$vDictionaries.
=710  2\$aBritish Academy.
=730  0\$aOxford dictionary of national biography
=856  40$uhttp://www.oxforddnb.com/$zFor subscribers only; BL Reading Room access
=852  41$aBritish Library$bHMNTS$je-media
=CAT  \\$a6946$b40$c20051114$lBLL01$h1549
=CAT  \\$a3072$b40$c20060224$lBLL01$h1446
=CAT  \\$a3072$b40$c20060224$lBLL01$h1455
=CAT  \\$a3072$b40$c20060421$lBLL01$h1028
=CAT  \\$aBATCH-UPD$b40$c20131021$lBLL01$h1141
=FIN  \\$aY$d20060224
=STA  \\$aSUPPRESSED$bDatabase
=TCO  \\$aCLA$bCLA$c008
=LAS  \\$aBATCH-UPD$b40$c20131021$lBLL01$h1141

