=LDR  02162 as a2200469 a 4500
=001  013399566
=003  Uk
=005  20060209151623.0
=006  m\\\\\\\\d\|\\\\\\
=007  cr||||||||||||
=008  060209c20049999enkdr\\\saai\\0\\\a0eng\\
=FMT  \\$a  SE
=040  \\$aUk$beng$cUk
=042  \\$aukblsr
=082  04$a500$222
=130  0\$aScopus (New York, N.Y.)
=245  10$aScopus$h[electronic resource].
=260  \\$a[New York, N.Y] :$bElsevier B.V.,$c[2004]-
=310  \\$aUpdated daily
=336  \\$atext$2rdacontent
=337  \\$acomputer$2rdamedia
=338  \\$aonline resource$2rdacarrier
=538  \\$aMode of access: World Wide Web.
=520  \\$a"Scopus is the largest abstract and citation database of research literature and quality web sources". Comprises broad- based coverage of scientific, technical, medical and social sciences literature drawn from over 14,000 peer-reviewed journals, including 535 Open Access journals, 750 conference proceedings, 600 trade publications, 200 million web pages, 12.7 million patent records and 100% overlap with Medline titles. Subject areas include Chemistry, Physics, Mathematics, Engineering, Life and Health Sciences, Social Sciences, Psychology, Economics, General Science, Biological, Agricultural and Environmental Sciences. Covers abstracts back to 1966 and references back to 1996.
=500  \\$aDescription based on web site (viewed 9 Feb. 2006).
=650  \0$aScience$vAbstracts.
=650  \0$aScience$vIndexes.
=650  \0$aSocial sciences$vAbstracts
=650  \0$aSocial sciences$vIndexes.
=856  40$uhttp://www.scopus.com$zBL Reading Room access only
=852  41$aBritish Library$bSTI$je-media
=CAT  \\$a3072$b40$c20060209$lBLL01$h1429
=CAT  \\$a3072$b40$c20060209$lBLL01$h1438
=CAT  \\$a3072$b40$c20060209$lBLL01$h1441
=CAT  \\$a3072$b40$c20060209$lBLL01$h1508
=CAT  \\$a3072$b40$c20060209$lBLL01$h1516
=CAT  \\$aBATCH-UPD$b40$c20131021$lBLL01$h1141
=CAT  \\$aWR14_140$c20140905$lBLL01$h1810
=FIN  \\$aY$d20060209
=STA  \\$aSUPPRESSED$bDatabase
=TCO  \\$aCLA$bCLA$c008
=LAS  \\$aWR14_140$b00$c20140905$lBLL01$h1810

