=LDR  02307 as a2200445 a 4500
=001  013411876
=003  Uk
=005  20060224120823.0
=006  m\\\\\\\\d\|\\\\\\
=007  cr||||||||||||
=008  060224c20019999xxcdr\p\s\\\\\0\\\a0eng\\
=FMT  \\$a  SE
=040  \\$aUk$beng$cUk
=042  \\$aukblsr
=082  04$a015.42035$222
=130  0\$aWaterloo directory of English newspapers and periodicals, 1800-1900 (Online)
=245  14$aThe Waterloo directory of English newspapers and periodicals, 1800-1900$h[electronic resource].
=246  13$aWaterloo directory of English periodicals and newspapers, 1800-1900
=260  \\$aWaterloo, Ont. :$bNorth Waterloo Academic Press,$c[2001]-
=310  \\$aUpdated daily
=336  \\$atext$2rdacontent
=337  \\$acomputer$2rdamedia
=338  \\$aonline resource$2rdacarrier
=538  \\$aMode of access: World Wide Web.
=530  \\$aAlso issued in print, and on CD-ROM.
=520  \\$aTo be complete in 5 series, each of which cumulates the previous ones. Series 2 lists 50,000 titles covering all subject areas. Scope excludes most government publications and trade or company reports, but includes transportation schedules, almanacs and town directories. Included are titles in any language, published during any part of their life-span in England between January 1, 1800 and December 31, 1900.
=500  \\$aTitle from home page of Series 2 (viewed Feb. 24, 2006).
=650  \0$aEnglish newspapers$vBibliography.
=650  \0$aEnglish periodicals$vBibliography.
=787  0\$tWaterloo directory of English newspapers and periodicals, 1800-1900 (CD-ROM)
=730  02$aWaterloo directory of English newspapers and periodicals, 1800-1900
=856  40$uhttp://www.victorianperiodicals.com$zFor subscribers only, requires user name and password; BL Reading Room
=852  41$aBritish Library$bHMNTS$je-media
=CAT  \\$a3072$b40$c20060224$lBLL01$h1208
=CAT  \\$aBATCH-UPD$b40$c20131021$lBLL01$h1142
=FIN  \\$aY$d20060224
=LKR  \\$aPAR$b012443456$lBLL01$r787$mThe Waterloo directory of English newspapers and periodicals, 1800-1900$nWATERLOO DIERCTORY OF ENGLISH NEWSPAPERS AND PERIODICALS 1800-1900 # CD-ROM
=STA  \\$aSUPPRESSED$bDatabase
=TCO  \\$aCAN$bAccess$c008
=LAS  \\$aBATCH-UPD$b40$c20131021$lBLL01$h1142

