=LDR  02397 am a2200553 a 4500
=001  013515433
=003  Uk
=005  20060908120544.0
=006  m\\\\\\\\d\\\\\\\\
=007  cr|m||||||||||
=008  060605s2005\\\\miuah\\\s\\\\\000\0\eng\d
=FMT  \\$a  BK
=015  \\$aGBA677542$2bnb
=040  \\$aBXM$cBXM$dUk
=042  \\$aukblsr
=043  \\$ae-uk-ni
=082  04$a941.6082$222
=245  00$aNorthern Ireland$h[electronic resource] :$ba divided community 1921-1972 : cabinet papers of the Stormont administration.
=246  30$aCabinet papers of the Stormont administration
=246  13$aCAB/4
=260  \\$a[Farmington Hills, Mich.?] :$a[London] :$bThomson Gale,$cc2005.
=336  \\$atext$2rdacontent
=337  \\$acomputer$2rdamedia
=338  \\$aonline resource$2rdacarrier
=490  1\$aThomson Learning digital research collections
=538  \\$aMode of access: World Wide Web.
=500  \\$aTitle from index screen (viewed June 5, 2006); last consulted 1st Sept. 2006).
=500  \\$aAt head of title: Thomson learning digital research collections.
=506  \\$aAccess restricted to subscribers.
=520  \\$aOffers full-text searching of facsimile images of the complete record of the Stormont Administration in Northern Ireland, 1921-1972 (Public Record Office of Northern Ireland reference CAB/4) from the Public Record Office of Northern Ireland, along with new interpretative essays and resources.
=610  10$aNorthern Ireland.$bCabinet$xPublic records$vSources.
=651  \0$aNorthern Ireland$xHistory$vSources.
=651  \0$aNorthern Ireland$xPolitics and government$vSources.
=710  1\$aNorthern Ireland.$bCabinet.
=710  1\$aNorthern Ireland.$bPublic Record Office.
=710  2\$aThomson Gale (Firm)
=856  40$uhttp://devdata.worldbank.org/dataonline/$zFor subsribers only; BL Reading Room access
=830  \0$aThomson Learning digital research collections
=852  41$aBritish Library$bHMNTS$je-media
=CAT  \\$a6524$b40$c20060724$lBLL01$h1151
=CAT  \\$a3072$b40$c20060901$lBLL01$h1400
=CAT  \\$a3072$b40$c20060908$lBLL01$h1205
=CAT  \\$aBATCH$b00$c20091217$lBLL01$h0426
=CAT  \\$aBATCH$b00$c20100103$lBLL01$h1220
=CAT  \\$aBATCH-UPD$b00$c20131021$lBLL01$h1141
=FIN  \\$aY$d20060901
=SID  \\$aZ39$bOCLC
=STA  \\$aSUPPRESSED$bDatabase
=LAS  \\$aBATCH-UPD$b00$c20131021$lBLL01$h1141

