=LDR  01870 as a2200493 a 4500
=001  013536039
=003  Uk
=005  20080430110831.0
=006  m\\\\\\\\d\|\\\\\\
=007  cr||||||||||||
=008  060822c200u9999ne\uu|d\se\\\\0\\\a0eng\\
=FMT  \\$a  SE
=040  \\$aUk$beng$cUk
=042  \\$aukblsr
=082  04$a297.12203$222
=130  0\$aEncyclopaedia of the Qur'ān (Online)
=245  10$aEncyclopaedia of the Qur'ān$h[electronic resource].
=246  13$aEncyclopaedia of the Quran
=246  30$aEQ
=260  \\$aLeiden :$bBrill
=336  \\$atext$2rdacontent
=337  \\$acomputer$2rdamedia
=338  \\$aonline resource$2rdacarrier
=538  \\$aMode of access: World Wide Web.
=530  \\$aAlso issued in print format.
=520  \\$aAn encyclopaedic dictionary of qur'ānic terms, concepts, personalities, place names, cultural history and exegesis extended with essays on the most important themes and subjects within qur'ānic studies.
=504  \\$aIncludes bibliographical references.
=500  \\$aTitle from title screen (viewed 2 Nov. 2006).
=630  00$aQurʾan$vEncyclopedias.
=730  0\$aEncyclopaedia of the Qur'ān
=856  40$uhttp://www.brillonline.nl/subscriber/uid=1952/title_home?title_id=q3_q3$zFor subscribers only
=852  41$aBritish Library$bOC$je-media
=985  \\$aRecord amended for WR# 13/070
=CAT  \\$a6524$b40$c20060822$lBLL01$h1210
=CAT  \\$a3072$b40$c20061102$lBLL01$h1208
=CAT  \\$a3072$b40$c20061102$lBLL01$h1354
=CAT  \\$a11279$b40$c20080430$lBLL01$h1108
=CAT  \\$aWR13_070$b00$c20130504$lBLL01$h0246
=CAT  \\$aBATCH-UPD$b00$c20130506$lBLL01$h0307
=CAT  \\$aBATCH-UPD$b00$c20131021$lBLL01$h1141
=FIN  \\$aY$d20061102
=STA  \\$aSUPPRESSED$bDatabase
=TCO  \\$aNLD$bSTICHTING REPRORECHT$c008
=LAS  \\$aBATCH-UPD$b00$c20131021$lBLL01$h1141

