=LDR  02030 as a2200469 a 4500
=001  013544557
=003  Uk
=005  20060901170143.0
=006  m\\\\\\\\d\|\\\\\\
=007  cr||||||||||||
=008  060901c199u9999xxumr\p\s\ai\\0\\\a0eng\\
=FMT  \\$a  SE
=015  \\$aGBA675630$2bnb
=040  \\$aUk$beng$cUk
=042  \\$aukblsr
=082  04$a615.9$222
=245  00$aToxline$h[electronic resource].
=260  \\$a[Bethesda, Md.] ;$aOxford :$bCambridge Scientific Abstracts ;$bU.S. National Library of Medicine,
=310  \\$aUpdated monthly
=336  \\$atext$2rdacontent
=337  \\$acomputer$2rdamedia
=338  \\$aonline resource$2rdacarrier
=362  1\$aBegan in 1990s.
=538  \\$aMode of access: World Wide Web.
=500  \\$aCoverage as of 1st Sept. 2006: current and five preceeding years.
=500  \\$aAccessed on the CSA Illumina platform.
=520  \\$aOffers rapid access to information in all areas of toxicology, including chemicals and pharmaceuticals, pesticides, environmental pollutants, and mutagens and teratogens. Provides bibliographic citations and abstracts from the core journal literature in toxicology. This version of TOXLINE does not contain information from Chemical Abstracts Service, BIOSIS, or International Pharmaceutical Abstracts.
=500  \\$aTitle from quick search screen (viewed 1st Sept. 2006)
=650  \0$aToxicology$vAbstracts.
=650  \0$aToxicology$vIndexes.
=710  2\$aCambridge Scientific Abstracts, Inc.$bInternet Database Service.
=710  2\$aNational Library of Medicine (U.S.)
=856  40$uhttp://www.uk1.csa.com$zFor subscribers only; BL Reading Room access
=852  41$aBritish Library$bSTI$je-media
=CAT  \\$a3072$b40$c20060901$lBLL01$h1447
=CAT  \\$a3072$b40$c20060901$lBLL01$h1630
=CAT  \\$a3072$b40$c20060901$lBLL01$h1701
=CAT  \\$aBATCH-UPD$b40$c20131021$lBLL01$h1142
=FIN  \\$aY$d20060901
=STA  \\$aSUPPRESSED$bDatabase
=TCO  \\$aTRS$bCCC$c008
=LAS  \\$aBATCH-UPD$b40$c20131021$lBLL01$h1142

