=LDR  02047 as a2200481 a 4500
=001  013544707
=003  Uk
=005  20060901171354.0
=006  m\\\\\\\\d\|\\\\\\
=007  cr||||||||||||
=008  060901c199u9999xxumr\\\sai\\\0\\\a0eng\\
=FMT  \\$a  SE
=015  \\$aGBA675631$2bnb
=040  \\$aUk$beng$cUk
=042  \\$aukblsr
=082  04$a361$222
=245  00$aSocial services abstracts$h[electronic resource].
=246  1\$iTitle on database information page:$aCSA Social services abstracts
=260  \\$aBethesda, MD ;$aOxford :$bCambridge Scientific Abstracts
=310  \\$aUpdated monthly.
=336  \\$atext$2rdacontent
=337  \\$acomputer$2rdamedia
=338  \\$aonline resource$2rdacarrier
=538  \\$aMode of access: World Wide Web.
=506  \\$aRestricted to users at subscribing institutions.
=500  \\$aAccessed on the CSA Illumina platform.
=500  \\$aTitle from quick search screen (viewed 1st Sept. 2006).
=520  \\$aProvides bibliographic coverage of current research focused on social work, human services, and related areas, including social welfare, social policy, and community development. The database abstracts and indexes over 1,406 serials publications and includes abstracts of journal articles and dissertations, and citations to book reviews. Covers 1980 to the present.
=650  \0$aSocial service literature$vAbstracts.
=650  \0$aSocial service literature$vIndexes.
=690  7\$aSocial Welfare$2blcoll
=710  2\$aCambridge Scientific Abstracts, Inc.
=856  40$uhttp://www.uk1.csa.com$zFor subscribers only; BL Reading Room access
=852  41$aBritish Library$bHMNTS$je-media
=CAT  \\$a3072$b40$c20060901$lBLL01$h1634
=CAT  \\$a3072$b40$c20060901$lBLL01$h1713
=CAT  \\$aBATCH$b00$c20110625$lBLL01$h0523
=CAT  \\$aBATCH-SWP4$c20110627$lBLL01$h1606
=CAT  \\$aBATCH-UPD$b00$c20131021$lBLL01$h1141
=FIN  \\$aY$d20060901
=STA  \\$aSUPPRESSED$bDatabase
=TCO  \\$aTRS$bCCC$c008
=LAS  \\$aBATCH-UPD$b00$c20131021$lBLL01$h1141

