=LDR  01988 as a2200481 a 4500
=001  013544719
=003  Uk
=005  20150126133223.0
=006  m\\\\\\\\d\|\\\\\\
=007  cr||||||||||||
=008  060901c199u9999enkmr\\\sai\\\0\\\a0eng\\
=FMT  \\$a  SE
=015  \\$aGBA675632$2bnb
=040  \\$aUk$beng$cUk
=042  \\$aukblsr
=082  04$a580$222
=130  0\$aPlant science (Bethesda, Md. : Online)
=245  10$aPlant science$h[electronic resource].
=246  30$aCSA plant science
=246  30$aCambridge Scientific Abstracts plant science
=260  \\$aBethesda, MD ;$aOxford :$bCambridge Scientific Abstracts, Inc.
=310  \\$aUpdated monthly
=336  \\$atext$2rdacontent
=337  \\$acomputer$2rdamedia
=338  \\$aonline resource$2rdacarrier
=538  \\$aMode of access: World Wide Web.
=500  \\$aAccessed on the CSA Illumina platform.
=520  \\$aA bibliographic database containing citations and abstracts of scientific literature on plant science, focussing on all plant scientific aspects, especially on pathology, symbiosis, biochemistry, genetics, biotechnology, techniques and environmental biology. Over 250 primary research journals are scanned by specialized scientific editors to add approximately 23,000 titles to the database each year.
=500  \\$aTitle from quick search page (viewed 1st Sept. 2006).
=650  \0$aBotany$vAbstracts.
=650  \0$aBotany$vIndexes.
=710  2\$aCambridge Scientific Abstracts, Inc.
=856  40$uhttp://www.uk1.csa.com$zFor subscribers only; BL Reading Room access
=852  41$aBritish Library$bSTI$je-media
=CAT  \\$a3072$b40$c20060901$lBLL01$h1709
=CAT  \\$a3072$b40$c20060901$lBLL01$h1712
=CAT  \\$a3072$b40$c20060906$lBLL01$h1353
=CAT  \\$aBATCH-UPD$b40$c20131021$lBLL01$h1141
=CAT  \\$a8323$b40$c20150126$lBLL01$h1332
=FIN  \\$aY$d20060901
=STA  \\$aSUPPRESSED$bDatabase
=TCO  \\$aCLA$bCLA$c008
=LAS  \\$a8323$b40$c20150126$lBLL01$h1332

