=LDR  02426 as a2200529 a 4500
=001  013548670
=003  Uk
=005  20060906165346.0
=006  m\\\\\\\\d\|\\\\\\
=007  cr||||||||||||
=008  060906c19uu9999enkmr\\\sai\\\0\\\a0eng\\
=FMT  \\$a  SE
=040  \\$aUk$beng$cUk
=042  \\$aukblsr
=082  04$a629.1$222
=245  00$aAerospace & high technology database$h[electronic resource].
=246  3\$aAerospace and high technology database
=246  3\$aCSA aerospace & high technology database
=260  \\$aBethesda, MD ;$aOxford :$bCambridge Scientific Abstracts
=336  \\$atext$2rdacontent
=337  \\$acomputer$2rdamedia
=338  \\$aonline resource$2rdacarrier
=538  \\$aMode of access: World Wide Web.
=500  \\$aAccessed on the CSA Illumina platform.
=530  \\$aAlso issued in print as: International aerospace abstracts.
=520  \\$aIncludes bibliographic coverage of basic and applied research in aeronautics, astronautics, and space sciences, technology development and applications in complementary and supporting fields such as chemistry, geosciences, physics, communications, and electronics. In addition, includes coverage of reports issued by NASA, other U.S. government agencies, international institutions, universities, and private firms, conference proceedings, technical reports, trade journal/newsletter items, patents, books, and press releases. Covers 2005 to current.
=500  \\$aTitle from quick search screen (viewed on 6 Sept. 2006)
=650  \0$aAeronautics$vAbstracts.
=650  \0$aAeronautics$vIndexes.
=650  \0$aAstronautics$vAbstracts.
=650  \0$aAstronautics$vIndexes.
=650  \0$aSpace sciences$vAbstracts.
=650  \0$aSpace sciences$vIndexes.
=710  2\$aCambridge Scientific Abstracts, Inc.
=787  0\$aInternational aerospace abstracts$x0020-5842
=856  40$uhttp://www.uk1.csa.com$zFor subscribers only; BL Reading Room access
=852  41$aBritish Library$bSTI$je-media
=CAT  \\$a3072$b40$c20060906$lBLL01$h1546
=CAT  \\$a3072$b40$c20060906$lBLL01$h1610
=CAT  \\$a3072$b40$c20060906$lBLL01$h1611
=CAT  \\$a3072$b40$c20060906$lBLL01$h1653
=CAT  \\$aBATCH-UPD$b40$c20070414$lBLL01$h0814
=CAT  \\$aBATCH-UPD$b40$c20131021$lBLL01$h1141
=FIN  \\$aY$d20060906
=STA  \\$aSUPPRESSED$bDatabase
=TCO  \\$aCLA$bCLA$c008
=LAS  \\$aBATCH-UPD$b40$c20131021$lBLL01$h1141

