=LDR  01629 as a2200409 a 4500
=001  013548785
=003  Uk
=005  20060906172814.0
=006  m\\\\\\\\d\|\\\\\\
=007  cr||||||||||||
=008  060906c19uu9999enkmr\\\sai\\\0\\\a0eng\\
=FMT  \\$a  SE
=040  \\$aUk$beng$cUk
=042  \\$aukblsr
=082  04$a591.5$222
=130  0\$aAnimal behavior abstracts (Online)
=245  10$aAnimal behavior abstracts$h[electronic resource].
=260  \\$aBethesda, MD ;$aOxford :$bCambridge Scientific Abstracts
=310  \\$aUpdated monthly.
=336  \\$atext$2rdacontent
=337  \\$acomputer$2rdamedia
=338  \\$aonline resource$2rdacarrier
=538  \\$aMode of access: World Wide Web.
=500  \\$aAccessed on the CSA Illumina platform.
=530  \\$aAlso issued in print.
=520  \\$aFocuses on behavioral and related studies, with subjects ranging from neurophysiology to behavioral ecology, from genetics to applied ethology, are covered. All journals dealing with the biology of particular taxonomic groups are surveyed. Covers 2005 to present.
=500  \\$aTitle from quick search screen (viewed on 6 Sept. 2006)
=710  2\$aCambridge Scientific Abstracts, Inc.
=776  0\$tAnimal behavior abstracts
=856  40$uhttp://www.uk1.csa.com$zFor subscribers only; BL Reading Room access
=852  41$aBritish Library$bSTI$je-media
=CAT  \\$a3072$b40$c20060906$lBLL01$h1728
=CAT  \\$aBATCH-UPD$b40$c20070414$lBLL01$h0814
=CAT  \\$aBATCH-UPD$b40$c20131021$lBLL01$h1141
=STA  \\$aSUPPRESSED$bDatabase
=TCO  \\$aCLA$bCLA$c008
=LAS  \\$aBATCH-UPD$b40$c20131021$lBLL01$h1141

