=LDR  02832 ai a22006617a 4500
=001  013580111
=003  Uk
=005  20071008172529.0
=006  m\\\\\\\\d\\\\\\\\
=007  cr\cn|||||||||
=008  020521c20029999nyukr\d\s\\\\\0\\\b2mul\d
=FMT  \\$a  SE
=035  \\$a(OCoLC)49835545
=040  \\$aHBS$cHBS$dVPI$dOCLCQ$dUk
=041  0\$amul$feng$fger$ffre$fchi
=050  14$aAP1$b.F33
=245  00$aFactiva$h[electronic resource].
=246  13$aFactiva.com
=260  \\$bFactiva,
=260  \\$aNew York :$bDow Jones & Reuters
=310  \\$aUpdated continuously
=336  \\$atext$2rdacontent
=337  \\$acomputer$2rdamedia
=338  \\$aonline resource$2rdacarrier
=362  1\$aBegan in June, 2001?
=538  \\$aMode of access: Internet via World Wide Web.
=506  \\$aAccess limited to readers at subscribing institutions.
=500  \\$a"June 2001, Factiva.com ... is launched ... combined content sets from both Dow Jones Interactive and Reuters Business Briefing are available"--Publisher website.
=546  \\$aInterface in English, German, French or Chinese; contents in 22 languages.
=500  \\$aTitle from home page (viewed May 20, 2002).
=520  \\$aFactiva delivers targeted business information with a simple web like search. It provides the latest news and information from nearly every industry and every region. Results are displayed in charts and graphs to uncover trends, article timelines, top companies mentioned and much more. Factiva offers more than 10,000 publications from 159 countries in 22 languages.
=650  \0$aCommerce$vDatabases.
=650  \0$aCommerce$vNewspapers.
=650  \0$aCommerce$vPeriodicals.
=650  \0$aIndustries$vDatabases.
=650  \0$aIndustries$vNewspapers.
=650  \0$aIndustries$vPeriodicals.
=650  \0$aBusiness$vDatabases.
=650  \0$aBusiness$vNewspapers.
=650  \0$aBusiness$vPeriodicals.
=710  2\$aDow Jones & Co.
=710  2\$aDow Jones Reuters Business Interactive LLC.
=710  2\$aReuters Limited.
=730  0\$aDow Jones interactive.
=730  0\$aReuters business briefing.
=856  40$uhttp://global.factiva.com/$zFor subscribers only, requires user name and password; BL Reading Room access; coverage of individual publications varies widely
=856  42$uhttp://www.factiva.com/sources/$zContent and coverage information:
=852  41$aBritish Library$bSTI$cBIPC$je-media
=CAT  \\$a6524$b40$c20061019$lBLL01$h0908
=CAT  \\$a3072$b40$c20071008$lBLL01$h1725
=CAT  \\$a10743$b40$c20121120$lBLL01$h1256
=CAT  \\$aBATCH-UPD$b40$c20131021$lBLL01$h1141
=CAT  \\$aBATCH-UPD$b40$c20210825$lBLL01$h1721
=FIN  \\$aY$d20071008
=SID  \\$aZ39$bOCLC
=STA  \\$aSUPPRESSED$bDatabase
=TCO  \\$aTRS$bCCC$c008
=LAS  \\$aBATCH-UPD$b40$c20210825$lBLL01$h1721

