=LDR  02320 ai a2200565 a 4500
=001  013677044
=003  Uk
=005  20070315143809.0
=006  m\\\\\\\\d\\\\\\\\
=007  cr\cn|||||||||
=008  050926c20059999maudr\dss\\\\\0\\\\2eng\d
=015  \\$aGBA721434$2bnb
=035  \\$a(OCoLC)61711083
=040  \\$aAAU$cAAU$dAAU$dZCU$dUk
=042  \\$aukblsr
=050  \4$aHF1
=082  04$a330$222
=245  00$aBusiness source complete$h[electronic resource].
=246  3\$aBSC
=246  1\$iAlso known as:$aEBSCO business source complete
=260  \\$aIpswich, Mass. ;$a[Great Britain] :$bEBSCO Pub.,$cc2005-
=310  \\$aUpdated daily
=336  \\$atext$2rdacontent
=337  \\$acomputer$2rdamedia
=338  \\$aonline resource$2rdacarrier
=362  1\$aBegan in 2005
=500  \\$aTitle from basic search screen (viewed Sept. 26, 2005; last viewed 15 Mar. 2007).
=500  \\$aAvailable to subscribers through EBSCOhost.
=500  \\$aDates vary by journal; as far back as 1922.
=506  \\$aSubscription required for access.
=520  \\$aProvides full text content from 11,000+ sources, including more than 1000+ international top ranking and scholarly business journals. The database offers information in virtually every area of business including accounting & tax, banking, finance & insurance, construction, computer science and economics as well as country economic reports and company company profiles.
=538  \\$aMode of access: World Wide Web.
=650  \0$aBusiness$vDatabases.
=650  \0$aBusiness$vPeriodicals$vDatabases.
=690  7\$aManagement and Business Studies$2blcoll
=710  2\$aEBSCO Publishing (Firm)
=852  41$aBritish Library$bSTI$je-media
=856  40$uhttp://search.epnet.com/login.asp?profile=web$zFor subscribers only, follow links to resource; BL Reading Room access
=CAT  \\$a6524$b40$c20070220$lBLL01$h1114
=CAT  \\$a3072$b40$c20070314$lBLL01$h1729
=CAT  \\$a3072$b40$c20070315$lBLL01$h1000
=CAT  \\$a3072$b40$c20070315$lBLL01$h1438
=CAT  \\$aBATCH$b00$c20090624$lBLL01$h1723
=CAT  \\$aBATCH-UPD$b00$c20131021$lBLL01$h1141
=FIN  \\$aY$d20070315
=FMT  \\$a  SE
=LAS  \\$aBATCH-UPD$b00$c20131021$lBLL01$h1141
=SID  \\$aZ39$bOCLC
=STA  \\$aSUPPRESSED$bDatabase
=TCO  \\$aTRS$bCCC$c008

