=LDR  02463 ai a22005897a 4500
=001  013701465
=003  Uk
=005  20070608162208.0
=006  m\\\\\\\\d\\\\\\\\
=007  cr\cn|||||||||
=008  041012c20029999ne\qr\dsseb\\\0\\\\2eng\d
=035  \\$a(OCoLC)56713464
=040  \\$aBUF$cBUF$dOCLCQ$dOCL$dCUS$dIUL$dUk
=043  \\$aa------$af------
=050  \4$aDS35.53
=130  0\$aEncyclopaedia of Islam (Online)
=245  14$aThe encyclopaedia of Islam$h[electronic resource] /$cedited by P. Bearman ... [et al.].
=246  30$aEncyclopedia of Islam
=246  1\$iAt head of title:$aBrill online
=250  \\$aOnline ed.
=260  \\$a[Leiden] :$bBrill,$c[2002-
=260  \\$aLeiden :$bBrill.
=310  \\$aUpdated quarterly.
=336  \\$atext$2rdacontent
=337  \\$acomputer$2rdamedia
=338  \\$aonline resource$2rdacarrier
=362  1\$aBegan in 2002.
=500  \\$aTitle from opening title screen (viewed Oct. 18, 2006).
=504  \\$aIncludes bibliographical references.
=506  \\$aAccess restricted to subscribers only.
=516  \\$aText (HTML), images, and search engine.
=530  \\$aThe online Encyclopaedia of Islam incorporates the entire text of volumes I to XI and Supplement (Volume XII) of the printed edition of the Encyclopaedia of Islam. Additional search facilities and the Supplement enable the user to efficiently search and combine data from a vast corpus of over 12,000 printed pages. Includes search engine enhanced by the inclusion of two original indices (Index of proper names; Index of subjects).
=538  \\$aMode of access: World Wide Web.
=650  \0$aCivilization, Islamic$vEncyclopedias.
=650  \0$aIslam$vEncyclopedias.
=651  \0$aIslamic countries$vEncyclopedias.
=700  1\$aBearman, P. J.$q(Peri J.).
=710  2\$aBrill Academic Publishers.
=776  1\$tEncyclopaedia of Islam
=852  41$aBritish Library$bHMNTS$je-media
=856  40$uhttp://www.encislam.brill.nl$zFor subscribers only; BL Reading Room access
=CAT  \\$a6524$b40$c20070322$lBLL01$h1427
=CAT  \\$a3072$b40$c20070608$lBLL01$h1615
=CAT  \\$a3072$b40$c20070608$lBLL01$h1622
=CAT  \\$aBATCH-UPD$b40$c20131021$lBLL01$h1142
=CAT  \\$aBATCH-UPD$b40$c20190413$lBLL01$h1729
=FIN  \\$aY$d20070608
=FMT  \\$a  SE
=LAS  \\$aBATCH-UPD$b40$c20190413$lBLL01$h1729
=SID  \\$aZ39$bOCLC
=STA  \\$aSUPPRESSED$bDatabase
=TCO  \\$aNLD$bSTICHTING REPRORECHT$c008

