=LDR  02814cas a2200625 i 4500
=001  011459109
=003  Uk
=005  20230323103315.0
=006  m\\\\\\\\d\|\\\\\\
=007  cr|mn|||||||||
=008  001128c20009999enkuu\p\si\\\\0\\\a0eng\\
=FMT  \\$a  SE
=022  0\$a1471-3241$202
=040  \\$aUk$beng$cUk
=042  \\$aukblsr$aissnuk
=082  04$a016.82233$222
=222  \0$aWorld Shakespeare bibliography$b(Online)
=245  00$aWorld Shakespeare bibliography online$h[electronic resource].
=246  00$aWorld Shakespeare bibliography
=246  13$aWSB online
=260  \\$a[London] :$bArden Shakespeare,$c2000-
=260  3\$aBaltimore, Md. :$bpublished by The Johns Hopkins University Press in association with The Folger Shakespeare Library.
=336  \\$atext$2rdacontent
=337  \\$acomputer$2rdamedia
=338  \\$aonline resource$2rdacarrier
=538  \\$aMode of access: World Wide Web.
=500  \\$aTitle from home page (viewed on 25 Nov. 2004).
=520  \\$aBibliography of books, articles, book reviews, dissertations, theatrical productions, reviews of productions, audiovisual materials, electronic media, and other scholarly and popular materials related to Shakespeare. Each year coverage will move forward one year and backwards three years. Coverage is expected to be backed up by three years each year until the year 1900 is reached. Database also provides access to "Shakespeare quarterly".
=600  10$aShakespeare, William,$d1564-1616$vIndexes.
=710  2\$aFolger Shakespeare Library.
=780  00$tWorld Shakespeare bibliography on CD-ROM
=787  0\$tShakespeare quarterly$x1538-3555
=856  40$uhttp://www.worldshakesbib.org$zFor subscribers only; BL Reading Room access
=852  41$aBritish Library$bHMNTS$je-media
=CAT  \\$aCONV$b00$c20040425$lBLL90$h0850
=CAT  \\$a3072$b40$c20041125$lBLL01$h1329
=CAT  \\$a3072$b40$c20041125$lBLL01$h1409
=CAT  \\$a3072$b40$c20050119$lBLL01$h1350
=CAT  \\$a3072$b40$c20050210$lBLL01$h1221
=CAT  \\$a11279$b40$c20050316$lBLL01$h1124
=CAT  \\$a3072$b40$c20050322$lBLL01$h1137
=CAT  \\$aglobal_upd$b40$c20060417$lBLL01$h1819
=CAT  \\$aISSN$b40$c20080325$lBLL01$h1020
=CAT  \\$aBATCH$b00$c20091210$lBLL01$h0503
=CAT  \\$aBATCH$b00$c20091214$lBLL01$h0707
=CAT  \\$aBATCH-UPD$b00$c20131021$lBLL01$h1142
=CAT  \\$a8874$b40$c20181205$lBLL01$h1446
=CAT  \\$aS2302-1302$c20230322$lBLL01$h1708
=FIN  \\$aY$d20050322
=LEO  \\$aMP22.0000064762
=LKR  \\$aPAR$b009907632$lBLL01$r78000$mWorld Shakespeare bibliography (Online)$nThe world Shakespeare bibliography on CD-ROM
=SRC  \\$aISN01$bbibmp22.200404.2.aa
=STA  \\$aSUPPRESSED$bDatabase
=TCO  \\$aCLA$bCLA$c008
=LAS  \\$aS2302-1302$b00$c20230322$lBLL01$h1708

