=LDR  02184 as a2200589 a 4500
=001  012435439
=003  Uk
=005  20090603123641.0
=006  m\\\\\\\\d\|\\\\\\
=007  cr||||||||||||
=008  040202c19799999xxuuu\p\sc\\\\0\\\a0eng\d
=040  \\$aUk$beng$cUk$dUk
=041  0\$aeng$amul
=042  \\$aukblsr
=082  04$a017$222
=245  00$aWorldCat$h[electronic resource].
=246  3\$aWorld cat
=260  \\$aDublin, Ohio :$bOCLC.
=336  \\$atext$2rdacontent
=337  \\$acomputer$2rdamedia
=338  \\$aonline resource$2rdacarrier
=500  \\$aUpdated daily.
=500  \\$aTitle from title screen last viewed on 24 Nov. 2004.
=500  \\$aPart of OCLC FirstSearch.
=506  \\$aAccess limited to readers at subscribing institutions
=520  \\$aOCLC WorldCat is a union catalogue created and maintained collectively by more than 9,000 member institutions in more than 80 countries worldwide, and contains over 50 million online records for material in many different formats. Resources in WorldCat represent hundreds of languages and cultures.
=538  \\$aMode of access: World Wide Web.
=650  \0$aUnion catalogs.
=710  2\$aOCLC.
=730  0\$aOCLC FirstSearch.
=852  41$aBritish Library$bHMNTS$je-media
=856  4\$uhttp://firstsearch.oclc.org$zFor subscribers only; BL Reading Room access only.
=A02  \\$a3019263$z0
=CAT  \\$aCONV$b00$c20040425$lBLL90$h0713
=CAT  \\$aCONV$b00$c20040502$lBLL01$h1508
=CAT  \\$a3072$b40$c20041124$lBLL01$h1521
=CAT  \\$a3072$b40$c20041124$lBLL01$h1522
=CAT  \\$a3072$b40$c20041125$lBLL01$h1343
=CAT  \\$a3072$b40$c20041125$lBLL01$h1409
=CAT  \\$a3072$b40$c20050210$lBLL01$h1503
=CAT  \\$a8874$b40$c20081002$lBLL01$h1453
=CAT  \\$a3072$b40$c20081211$lBLL01$h1630
=CAT  \\$a11249$b40$c20090603$lBLL01$h1236
=CAT  \\$aBATCH$b00$c20091210$lBLL01$h2331
=CAT  \\$aBATCH-UPD$b00$c20131021$lBLL01$h1142
=FIN  \\$aY$d20050210
=FMT  \\$a  SE
=LAS  \\$aBATCH-UPD$b00$c20131021$lBLL01$h1142
=SID  \\$aZ39$bCURL
=SRC  \\$aDSS02$bbibh.200404.2.aa
=STA  \\$aSUPPRESSED$bDatabase
=TCO  \\$aTRS$bCCC$c008

