=LDR  07495cai a2201333 a 4500
=001  012436113
=003  Uk
=005  20231004141047.0
=006  m\\\\\\\\d\|\\\\\\
=007  cr||||||||||||
=008  040415c199u9999xxuuu\d\s\\\\o0\\\a2eng\\
=FMT  \\$a  SE
=040  \\$aUk$beng$cUk$dUk
=042  \\$aukblsr
=082  04$a327.73$222
=245  00$aDigital national security archive$h[electronic resource] :$bthe documents that made U.S. policy.
=246  13$aDNSA
=260  \\$a[Ann Arbor, Michigan] :$bProquest Information and Learning Co. ;$a[Washington, D.C.] :$bNational Security Archive
=336  \\$atext$2rdacontent
=337  \\$acomputer$2rdamedia
=338  \\$aonline resource$2rdacarrier
=538  \\$aMode of access: World Wide Web.
=500  \\$aBegan in 1998?
=520  \\$aThe Digital National Security Archive contains the most comprehensive collection of primary documents available. The database includes more than 80,000 of the most important declassified documents regarding critical U.S. foreign policy decisions. The collections offer specialized insights, including coverage of the Iran-Contra Affair, the Cuban Missile Crisis, and the War on Terror.
=500  \\$aNew collections are published annually by ProQuest and the National Security Archive.
=588  \\$aDescription based on contents viewed on October 4, 2023; title from home page.
=610  20$aNational Security Archive (U.S.)$vDatabases.
=650  \0$aNational security$zUnited States$xHistory$vSources$vDatabases.
=651  \0$aUnited States$xForeign relations$y20th century$vSources$vDatabases.
=651  \0$aUnited States$xMilitary policy$vSources$vDatabases.
=710  2\$aNational Security Archive (U.S.)
=740  02$aAfghanistan: the making of U.S. policy, 1973-1990.
=740  02$aAfghanistan War and the United States, 1998-2017.
=740  02$aArgentina, 1975-1980: the making of U.S. human rights policy.
=740  02$aBerlin Crisis, 1958-1962.
=740  02$aChile and the United States: U.S. policy toward democracy, dictatorship, and human rights, 1970-1990.
=740  02$aChina and the United States: from hostility to engagement, 1960-1998.
=740  02$aCIA covert operations: from Carter to Obama, 1977-2010.
=740  02$aCIA covert operations II: the year of intelligence, 1975.
=740  02$aCIA family jewels indexed.
=740  02$aColombia and the United States: political violence, narcotics, and human rights, 1948-2010.
=740  02$aCuban Missile Crisis, 1962.
=740  02$aCuban Missile Crisis: 50th anniversary update.
=740  02$aCuban Missile Crisis revisited : an international collection from Bay of Pigs to nuclear brink.
=740  02$aDeath squads, guerrilla war, covert operations, and genocide : Guatemala and the United States, 1954-1999.
=740  02$aEl Salvador: the making of U.S. policy, 1977-1984.
=740  02$aEl Salvador: war, peace, and human rights, 1980-1994.
=740  02$aElectronic surveillance and the National Security Agency : from Shamrock to Snowden.
=740  02$aForeign policy in the Carter years, 1977-1981: highest level memos to the President.
=740  02$aIran: the making of U.S. policy, 1977-1980.
=740  02$aIran-Contra Affair: the making of a scandal, 1983-1988.
=740  02$aIraqgate: Saddam Hussein, U.S. policy and the prelude to the Persian Gulf War, 1980-1994.
=740  02$aJapan and the United States: diplomatic, security, and economic relations, 1960-1976.
=740  02$aJapan and the United States: diplomatic, security, and economic relations, 1977-1992.
=740  02$aJapan and the United States: diplomatic, security, and economic relations, Part III, 1961-2000.
=740  02$aKissinger conversations, supplement: a verbatim record of U.S. diplomacy, 1969-1977.
=740  02$aKissinger conversations, supplement II: a verbatim record of U.S. diplomacy, 1969-1977.
=740  02$aKissinger telephone conversations: a verbatim record of U.S. diplomacy, 1969-1977.
=740  02$aKissinger transcripts: a verbatim record of U.S. diplomacy, 1969-1977.
=740  02$aMexico-United States counternarcotics policy, 1969-2013.
=740  02$aNational Security Agency, organization and operations, 1945-2009.
=740  02$aNicaragua: the making of U.S. policy, 1978-1990.
=740  02$aPeru : human rights, drugs and democracy, 1980-2000.
=740  02$aPhilippines: U.S. policy during the Marcos years, 1965-1986.
=740  02$aPresidential directives on national security, Part I: from Truman to Clinton.
=740  02$aPresidential directives on national security, Part II: from Truman to George W. Bush.
=740  02$aSouth Africa: the making of U.S. Policy, 1962-1989.
=740  02$aSoviet estimate: U.S. analysis of the Soviet Union, 1947-1991.
=740  02$aSoviet-U.S. relations: the end of the Cold War, 1985-1991.
=740  02$aTargting Iraq, Part I: Planning, invasion, and occupation, 1997-2004.
=740  02$aTargting Iraq, Part II, War and occupation, 2004-2011.
=740  02$aTerrorism and U.S. policy, 1968-2002.
=740  02$aU.S. climate change diplomacy: from the Montreal Protocol to the Paris Agreement, 1981-2017.
=740  02$aU.S. espionage and intelligence, 1947-1996.
=740  02$aU.S. Iitelligence and China: collection, analysis, and covert Action.
=740  02$aU.S. intelligence community after 9/11.
=740  02$aU.S. intelligence community: organization, operations and management, 1947-1989.
=740  02$aU.S. intelligence on weapons of mass destruction: from World War II to Iraq.
=740  02$aU.S. military uses of space, 1945-1991.
=740  02$aU.S. nuclear history: nuclear arms and politics in the missile age, 1955-1968.
=740  02$aU.S. nuclear non-proliferation policy, 1945-1991.
=740  02$aU.S. nuclear non-proliferation 2, Part I: From atoms for peace to the NPT, 1954-1968.
=740  02$aU.S. policy in the Vietnam War. Part I, 1954-1968.
=740  02$aU.S. policy in the Vietnam War. Part II, 1969-1975.
=740  02$aUnited States and the two Koreas, 1969-2000.
=740  02$aUnited States and the two Koreas, 1969-2010.
=856  40$uhttp://nsarchive.chadwyck.com/$zFor subscribers only, user name and password required
=852  41$aBritish Library$bHMNTS$je-media
=985  \\$a3 more modules added to record 4/10/23.
=A02  \\$a1343187$z143187
=CAT  \\$aCONV$b00$c20040425$lBLL90$h0713
=CAT  \\$aCONV$b00$c20040502$lBLL01$h1508
=CAT  \\$a3072$b40$c20060217$lBLL01$h1715
=CAT  \\$a3072$b40$c20060217$lBLL01$h1716
=CAT  \\$a3072$b40$c20060421$lBLL01$h1116
=CAT  \\$a11279$b40$c20071009$lBLL01$h0937
=CAT  \\$aBATCH$b00$c20091210$lBLL01$h2331
=CAT  \\$aBATCH$b00$c20091214$lBLL01$h0844
=CAT  \\$aBATCH$b00$c20091216$lBLL01$h0217
=CAT  \\$a3072$b40$c20121219$lBLL01$h1534
=CAT  \\$aBATCH-UPD$b40$c20131021$lBLL01$h1141
=CAT  \\$a3072$b40$c20141211$lBLL01$h1617
=CAT  \\$a3072$b40$c20141211$lBLL01$h1621
=CAT  \\$a3072$b40$c20160927$lBLL01$h1540
=CAT  \\$a3391$b40$c20190411$lBLL01$h1908
=CAT  \\$a3072$b40$c20200716$lBLL01$h1653
=CAT  \\$a3072$b40$c20221123$lBLL01$h1604
=CAT  \\$a3072$b40$c20221123$lBLL01$h1606
=CAT  \\$a3072$b40$c20231004$lBLL01$h1410
=FIN  \\$aY$d20060421
=SRC  \\$aDSS02$bbibh.200404.2.aa
=STA  \\$aSUPPRESSED$bDatabase
=TCO  \\$aTRS$bCCC$c008
=LAS  \\$a3072$b40$c20231004$lBLL01$h1410

