=LDR  02023 as a2200505 a 4500
=001  012436805
=003  Uk
=005  20050519135712.0
=006  m\\\\\\\\d\|\\\\\\
=007  cr||||||||||||
=008  040415c200u9999xxuuu\p\s\\\\\0\\\a0eng\\
=040  \\$aUk$beng$cUk
=042  \\$aukblsr
=082  04$a970$222
=245  00$aEarly encounters in North America$h[electronic resource] :$bpeoples, culture and the environment.
=246  1\$iAlso known as:$aEENA
=260  \\$a[Alexandria, Va.] :$bAlexander Street Press.
=336  \\$atext$2rdacontent
=337  \\$acomputer$2rdamedia
=338  \\$aonline resource$2rdacarrier
=520  \\$aDescriptions of North America, either its natural features or interactions among various cultural groups, from the period 1534 to 1860. Contains 1,482 authors and over 100,000 pages of letters, diaries, memoirs and accounts.
=538  \\$aMode of access: World Wide Web.
=538  \\$aTitle from home page (viewed on May 2005)
=550  \\$aProduced in collaboration with the University of Chicago.
=650  \0$aNatural history$zNorth America
=651  \0$aNorth America$xHistory$xSources.
=651  \0$aNorth America$xDescription and travel.
=710  2\$aUniversity of Chicago.
=852  41$aBritish Library$bHMNTS$je-media
=856  40$uhttp://www.alexanderstreet2.com/eenalive/$zFor subscribers only, requires user name and password; Reading Room access
=A02  \\$a3011825$z0
=CAT  \\$aCONV$b00$c20040425$lBLL90$h0713
=CAT  \\$aCONV$b00$c20040502$lBLL01$h1508
=CAT  \\$a3072$b40$c20050503$lBLL01$h1412
=CAT  \\$a3072$b40$c20050519$lBLL01$h1357
=CAT  \\$aBATCH$b00$c20091210$lBLL01$h2332
=CAT  \\$aBATCH$b00$c20091214$lBLL01$h0844
=CAT  \\$aBATCH$b00$c20091216$lBLL01$h0218
=CAT  \\$aBATCH-UPD$b00$c20131021$lBLL01$h1141
=FIN  \\$aY$d20050519
=FMT  \\$a  SE
=LAS  \\$aBATCH-UPD$b00$c20131021$lBLL01$h1141
=SRC  \\$aDSS02$bbibh.200404.2.aa
=STA  \\$aSUPPRESSED$bDatabase
=TCO  \\$aTRS$bCCC$c008

