=LDR  02702 as a2200601 a 4500
=001  012437203
=003  Uk
=005  20050211174059.0
=006  m\\\\\\\\d\|\\\\\\
=007  cr||||||||||||
=008  040415c199u9999gw\qr\p\si\\\\0\\\a0ger\\
=040  \\$aUk$beng$cUk
=042  \\$aukblsr
=082  04$a016.83$222
=130  0\$aBibliographie der deutschen Sprach- und Literaturwissenschaft (Online)
=245  10$aBibliographie der deutschen Sprach- und Literaturwissenschaft$h[electronic resource] /$cStadt- und Universitätsbibliothek Frankfurt am Main.
=246  2\$aBibliographie der deutschen Sprach und Literaturwissenschaft
=246  1\$iAlso known as:$aBDSL
=260  \\$a[Frankfurt am Main] :$bStadt- und Universitätsbibliothek Frankfurt am Main.
=336  \\$atext$2rdacontent
=337  \\$acomputer$2rdamedia
=338  \\$aonline resource$2rdacarrier
=500  \\$aTitle from home page (viewed on 18 Nov. 2004)
=520  \\$aInternational bibliography of German language and literature, covering books, pamphlets, articles, dissertations and reviews from 1985-
=530  \\$aAlso published in CD-ROM and print format.
=538  \\$aMode of access: World Wide Web.
=650  \0$aGerman language$vIndexes.
=650  \0$aGerman literature$vIndexes.
=710  2\$aStadt- und Universitätsbibliothek Frankfurt am Main.
=776  1\$aBibliographie der deutschen Sprach- und Literaturwissenschaft (CD-ROM)$x1430-368X
=776  1\$aBibliographie der deutschen Sprach- und Literaturwissenschaft$x0341-9363
=852  41$aBritish Library$bHMNTS$je-media
=856  40$uhttp://www.bdsl-online.de$zFor subscribers only; BL Reading Room access only.
=A02  \\$a3026109$z0
=CAT  \\$aCONV$b00$c20040425$lBLL90$h0713
=CAT  \\$a3072$b40$c20041125$lBLL01$h1416
=CAT  \\$a11279$b40$c20050202$lBLL01$h1233
=CAT  \\$a11279$b40$c20050202$lBLL01$h1235
=CAT  \\$a3072$b40$c20050211$lBLL01$h1724
=CAT  \\$a3072$b40$c20050211$lBLL01$h1728
=CAT  \\$a3072$b40$c20050211$lBLL01$h1740
=CAT  \\$aBATCH$b00$c20091210$lBLL01$h2332
=CAT  \\$aBATCH$b00$c20091214$lBLL01$h0844
=CAT  \\$aBATCH$b00$c20091216$lBLL01$h0218
=CAT  \\$aBATCH-UPD$b00$c20131021$lBLL01$h1141
=FIN  \\$aY$d20050211
=FMT  \\$a  SE
=LAS  \\$aBATCH-UPD$b00$c20131021$lBLL01$h1141
=LKR  \\$aPAR$b012442849$lBLL01$nBIBLIOGRAPHIE DER DEUTSCHEN SPRACH UND LITER$mBibliographie der deutschen Sprach- und Lite$r776
=LKR  \\$aPAR$b011098179$lBLL01$nBIBLIOGRAPHIE DER DEUTSCHEN SPRACH UND LITER$mBibliographie der deutschen Sprach- und Lite$r776
=SRC  \\$aDSS02$bbibh.200404.2.aa
=STA  \\$aSUPPRESSED$bDatabase
=TCO  \\$aDEU$bVG WORT$c008

