=LDR  02928 as a2200649 a 4500
=001  012437262
=003  Uk
=005  20050630145730.0
=006  m\\\\\\\\d\|\\\\\\
=007  cr||||||||||||
=008  040415c20039999ne\uu\p\s\\\\\0\\\a0eng\\
=040  \\$aUk$beng$cUk$dUk
=041  0\$aeng$afre
=042  \\$aukblsr
=082  04$a702.94$222
=245  00$aLugt's répertoire online$h[electronic resource].
=260  \\$aLeiden :$bIDC,$c2003-
=336  \\$atext$2rdacontent
=337  \\$acomputer$2rdamedia
=338  \\$aonline resource$2rdacarrier
=500  \\$aDescription based on home page (viewed on 28th Jan. 2005)
=500  \\$aBased on the print 4 volume work, originally published between 1938 and 1987.
=520  \\$aBased on the "Répertoire des catalogues de ventes publiques" by Frits Lugt (a list of more than 100,000 art sales catalogues from libraries in Europe and the USA and covering the period 1600 to 1925). Recently discovered catalogues have been added, and corrections and additions will be constantly added. Search options include date, place of sale, provenance, auction house, content and library locations. For full text digital facsimiles, see "Art sales catalogues" (catalogued separately)
=538  \\$aMode of access: World Wide Web.
=546  \\$aInterface in English and French.
=550  \\$aPublished in association with the Netherlands Institute for Art History.
=650  \0$aArt$zEurope$xHistory$vSources.
=650  \0$aArt$zUnited States$xHistory$vSources.
=650  \0$aArt auctions$zEurope$vCatalogs.
=650  \0$aArt auctions$zUnited States$vCatalogs.
=700  1\$aLugt, Frits,$d1884-1970.
=710  1\$aNetherlands.$bRijksbureau voor Kunsthistorische Documentatie.
=730  02$aArt sales catalogues
=787  0\$tRépertoire des catalogues de ventes publiques
=852  41$aBritish Library$bHMNTS$je-media
=856  40$uhttp://lugt.idcpublishers.info/$zFor subscribers only, requires user name and password; BL Reading Room access
=A02  \\$a3022270$z0
=CAT  \\$aCONV$b00$c20040425$lBLL90$h0713
=CAT  \\$a3072$b40$c20050128$lBLL01$h1544
=CAT  \\$a3072$b40$c20050128$lBLL01$h1548
=CAT  \\$a3072$b40$c20050202$lBLL01$h1606
=CAT  \\$a3072$b40$c20050209$lBLL01$h1417
=CAT  \\$a3072$b40$c20050209$lBLL01$h1421
=CAT  \\$a3072$b40$c20050224$lBLL01$h1359
=CAT  \\$a3072$b40$c20050630$lBLL01$h1457
=CAT  \\$a6470$b40$c20060306$lBLL01$h1145
=CAT  \\$aBATCH$b00$c20091210$lBLL01$h2332
=CAT  \\$aBATCH$b00$c20091214$lBLL01$h0844
=CAT  \\$aBATCH$b00$c20091216$lBLL01$h0218
=CAT  \\$aBATCH-UPD$b00$c20100908$lBLL01$h1637
=CAT  \\$aBATCH-UPD$b00$c20131021$lBLL01$h1141
=FIN  \\$aY$d20050224
=FMT  \\$a  SE
=LAS  \\$aBATCH-UPD$b00$c20131021$lBLL01$h1141
=SRC  \\$aDSS02$bbibh.200404.2.aa
=STA  \\$aSUPPRESSED$bDatabase
=TCO  \\$aNLD$bSTICHTING REPRORECHT$c008

