=LDR  02170 as a2200529 a 4500
=001  012438095
=003  Uk
=005  20050503141226.0
=006  m||||||||d||||||||
=006  suu\dss\\\\\0\\\\2
=007  cr\cn|||||||||
=008  030417c20029999xxuuu\p\s\\\\\0\\\a0eng\d
=040  \\$aUk$beng$cUk$dUk
=042  \\$aukblsr
=043  \\$an-us---
=050  \4$aPN1997.A1
=082  04$a812.03$222
=245  00$aAmerican film scripts online$h[electronic resource].
=246  1\$iAlso known as:$aAFSO
=256  \\$aElectronic data.
=260  \\$a[Alexandria, Va.] :$bAlexander Street Press.
=336  \\$atext$2rdacontent
=337  \\$acomputer$2rdamedia
=338  \\$aonline resource$2rdacarrier
=362  1\$aBegan in 2002.
=500  \\$aTitle from home page (viewed Dec. 2, 2004); latest issue consulted Apr. 26 2005.
=520  \\$aAn ongoing full-text project. The collection of feature films, when completed, will hold 1,000 scripts and over 100,000 scenes. Many of the scripts have never been published. The database is full-text searchable and includes detailed indexing on scenes, characters, and people. Supplemental information includes short biographies on the writers, and awards given to individual films have been noted.
=538  \\$aMode of access: World Wide Web.
=550  \\$aProduced in collaboration with the University of Chicago.
=650  \0$aMotion picture plays$zUnited States.
=650  \0$aMotion pictures$zUnited States$vIndexes.
=710  2\$aUniversity of Chicago.
=852  41$aBritish Library$bHMNTS$je-media
=856  40$uhttp://www.alexanderstreet2.com/afsolive/$zFor subscribers only; Reading Room access
=A02  \\$a3013988$z0
=CAT  \\$aCONV$b00$c20040425$lBLL90$h0713
=CAT  \\$aCONV$b00$c20040502$lBLL01$h1508
=CAT  \\$a3072$b40$c20050426$lBLL01$h1156
=CAT  \\$a3072$b40$c20050503$lBLL01$h1412
=CAT  \\$aBATCH$b00$c20091210$lBLL01$h2332
=CAT  \\$aBATCH-UPD$b00$c20131021$lBLL01$h1141
=FMT  \\$a  SE
=LAS  \\$aBATCH-UPD$b00$c20131021$lBLL01$h1141
=SID  \\$aZ39$bOCLC
=SRC  \\$aDSS02$bbibh.200404.2.aa
=STA  \\$aSUPPRESSED$bDatabase
=TCO  \\$aTRS$bCCC$c008

