=LDR  02366 ai a2200577 a 4500
=001  012438438
=003  Uk
=005  20130225120138.0
=006  m\\\\\\\\d\|\\\\\\
=007  cr||||||||||||
=008  040415c199u9999xxcdr\d\si\\\\0\\\a2eng\\
=040  \\$aUk$beng$cUk$dUk
=042  \\$aukblsr
=082  04$a016.90907$222
=245  00$aIter bibliography$h[electronic resource].
=260  \\$aToronto :$bUniversity of Toronto, Faculty of Information Studies
=264  31$aToronto :$bIter, University of Toronto Libraries
=310  \\$aUpdated daily
=336  \\$atext$2rdacontent
=337  \\$acomputer$2rdamedia
=338  \\$aonline resource$2rdacarrier
=500  \\$aTitle from Resources screen (viewed on February 25, 2013).
=520  \\$aCovers all literature pertaining to the Middle Ages and Renaissance (400-1700). Includes citations for journal articles, reviews, review articles, bibliographies, catalogues, abstracts and discographies. Also included are citations for monographs, and material published in monographs and collections of essays.
=538  \\$aMode of access: World Wide Web.
=650  \0$aRenaissance$vIndexes.
=650  \0$aMiddle Ages$vIndexes.
=710  2\$aUniversity of Toronto.$bFaculty of Information Studies.
=710  2\$aIter (Toronto, Ont.)
=773  08$iComponent of:$tIter gateway to the Middle Ages and Renaissance
=852  41$aBritish Library$bHMNTS$je-media
=856  40$uhttp://www.itergateway.org$zFor subscribers only, requires user name and password
=A02  \\$a3022263$z0
=CAT  \\$aCONV$b00$c20040425$lBLL90$h0713
=CAT  \\$aCONV$b00$c20040502$lBLL01$h1509
=CAT  \\$a3072$b40$c20041119$lBLL01$h1116
=CAT  \\$a3072$b40$c20050119$lBLL01$h1341
=CAT  \\$a3072$b40$c20050217$lBLL01$h1703
=CAT  \\$a3072$b40$c20050407$lBLL01$h1623
=CAT  \\$aBATCH$b00$c20091210$lBLL01$h2332
=CAT  \\$aBATCH$b00$c20091214$lBLL01$h0844
=CAT  \\$aBATCH$b00$c20091216$lBLL01$h0218
=CAT  \\$a3072$b40$c20130225$lBLL01$h1152
=CAT  \\$a3072$b40$c20130225$lBLL01$h1200
=CAT  \\$a3072$b40$c20130225$lBLL01$h1201
=CAT  \\$aBATCH-UPD$b40$c20131021$lBLL01$h1141
=FIN  \\$aY$d20050217
=FMT  \\$a  SE
=LAS  \\$aBATCH-UPD$b40$c20131021$lBLL01$h1141
=SRC  \\$aDSS02$bbibh.200404.2.aa
=STA  \\$aSUPPRESSED$bDatabase
=TCO  \\$aCAN$bAccess$c008

