=LDR  02552 ai a2200625 a 4500
=001  012440745
=003  Uk
=005  20130225120142.0
=006  m\\\\\\\\d\|\\\\\\
=007  cr||||||||||||
=008  040415c199u9999xxcdr\d\si\\\\0\\\a2eng\\
=040  \\$aUk$beng$cUk$dUk
=042  \\$aukblsr
=082  04$a011.31$222
=130  0\$aIter Italicum (Online)
=245  10$aIter Italicum$h[electronic resource].
=260  \\$aToronto :$bUniversity of Toronto, Faculty of Information Studies
=264  31$aToronto :$bIter, University of Toronto Libraries
=310  \\$aUpdated daily
=336  \\$atext$2rdacontent
=337  \\$acomputer$2rdamedia
=338  \\$aonline resource$2rdacarrier
=500  \\$aTitle from Resources screen (viewed on February 25, 2013).
=520  \\$aLists previously uncatalogued or incompletely catalogued Renaissance humanistic manuscripts found in libraries and collections all over the world. Originally published in six volumes by Paul Oskar Kristeller between 1963 and 1992.
=538  \\$aMode of access: World Wide Web.
=650  \0$aManuscripts, Renaissance$vUnion lists.
=650  \0$aManuscripts, Latin (Medieval and modern)$vUnion lists.
=650  \0$aHumanists$xManuscripts$vUnion lists.
=700  1\$aKristeller, Paul Oskar,$d1905-1999.$tIter Italicum.
=710  2\$aUniversity of Toronto.$bFaculty of Information Studies.
=773  08$iComponent of:$tIter gateway to the Middle Ages and Renaissance
=852  41$aBritish Library$bHMNTS$je-media
=856  40$uhttp://www.itergateway.org$zFor subscribers only, requires user name and password
=A02  \\$a3022266$z0
=CAT  \\$aCONV$b00$c20040425$lBLL90$h0713
=CAT  \\$aCONV$b00$c20040502$lBLL01$h1509
=CAT  \\$a3072$b40$c20050113$lBLL01$h1714
=CAT  \\$a3072$b40$c20050119$lBLL01$h1230
=CAT  \\$a3072$b40$c20050119$lBLL01$h1322
=CAT  \\$a3072$b40$c20050407$lBLL01$h1622
=CAT  \\$aBATCH-UPD$b40$c20060715$lBLL01$h1820
=CAT  \\$aBATCH$b00$c20091210$lBLL01$h2333
=CAT  \\$aBATCH$b00$c20091214$lBLL01$h0845
=CAT  \\$aBATCH$b00$c20091216$lBLL01$h0219
=CAT  \\$a3072$b40$c20130225$lBLL01$h1150
=CAT  \\$a3072$b40$c20130225$lBLL01$h1152
=CAT  \\$a3072$b40$c20130225$lBLL01$h1153
=CAT  \\$a3072$b40$c20130225$lBLL01$h1201
=CAT  \\$aBATCH-UPD$b40$c20131021$lBLL01$h1141
=FIN  \\$aY$d20050407
=FMT  \\$a  SE
=LAS  \\$aBATCH-UPD$b40$c20131021$lBLL01$h1141
=SRC  \\$aDSS02$bbibh.200404.2.aa
=STA  \\$aSUPPRESSED$bDatabase
=TCO  \\$aCAN$bAccess$c008

