=LDR  02367 ai a2200625 a 4500
=001  012440750
=003  Uk
=005  20081205152810.0
=006  m\\\\\\\\d\|\\\\\\
=007  cr||||||||||||
=008  040415c199u9999enkuu\d\s\de\\0\\\a2eng\\
=015  \\$aGBA485150$2bnb
=037  \\$aNo price
=040  \\$aUk$beng$cUk$dUk
=042  \\$aukblsr
=082  04$a032$222
=245  00$aCredo reference$h[electronic resource].
=246  13$aCredoReference
=246  1\$iAlso known as:$aCredo
=246  1\$iAlso previously known as:$aXrefer plus
=247  10$aXreferplus$f-2007.
=260  \\$aBoston, Mass. ;$aLondon :$bXreferplus
=336  \\$atext$2rdacontent
=337  \\$acomputer$2rdamedia
=338  \\$aonline resource$2rdacarrier
=500  \\$aTitle from home page (viewed on 26 Nov. 2004).
=500  \\$aLast viewed on 4 July 2007.
=520  \\$aCredo Reference (formerly Xreferplus) is an online reference library that provides access to a large number of encyclopedias, dictionaries, thesauri and other reference books. Subjects covered include art, biography, history, literature, music, religion, and science and technology.
=538  \\$aMode of access: World Wide Web.
=650  \0$aEncyclopedias and dictionaries, English
=650  \0$aReference books
=852  41$aBritish Library$bHMNTS$je-media
=856  40$uhttp://www.xrefer.com/home.jsp$zFor subscribers only; BL Reading Room access
=A02  \\$a3021276$z0
=CAT  \\$aCONV$b00$c20040425$lBLL90$h0713
=CAT  \\$a3072$b40$c20050204$lBLL01$h1724
=CAT  \\$a3072$b40$c20050204$lBLL01$h1730
=CAT  \\$a3072$b40$c20050209$lBLL01$h1206
=CAT  \\$a3072$b40$c20050209$lBLL01$h1500
=CAT  \\$a11279$b40$c20050725$lBLL01$h1504
=CAT  \\$a3072$b40$c20060109$lBLL01$h1541
=CAT  \\$a3072$b40$c20060315$lBLL01$h1654
=CAT  \\$a3072$b40$c20060315$lBLL01$h1722
=CAT  \\$a3072$b40$c20070704$lBLL01$h1159
=CAT  \\$a3072$b40$c20081205$lBLL01$h1528
=CAT  \\$aBATCH$b00$c20091210$lBLL01$h2333
=CAT  \\$aBATCH$b00$c20091214$lBLL01$h0845
=CAT  \\$aBATCH$b00$c20091216$lBLL01$h0219
=CAT  \\$aBATCH-UPD$b00$c20131021$lBLL01$h1141
=FIN  \\$aY$d20050209
=FMT  \\$a  SE
=LAS  \\$aBATCH-UPD$b00$c20131021$lBLL01$h1141
=SRC  \\$aDSS02$bbibh.200404.2.aa
=STA  \\$aSUPPRESSED$bDatabase
=TCO  \\$aCLA$bCLA$c008

