=LDR  02410 ai a2200637 a 4500
=001  012442078
=003  Uk
=005  20110304172652.0
=006  m\\\\\\\\d\|\\\\\\
=007  cr||||||||||||
=008  040415c199u9999be\fr\d\s\\\\\0\\\a2lat\\
=040  \\$aUk$beng$cUk$dUk
=041  0\$alat$bmul
=042  \\$aukblsr
=082  04$a011.31$222
=130  0\$aIn principio (Online)
=245  10$aIn principio$h[electronic resource] :$bincipit index of Latin texts.
=246  30$aIncipit index of Latin texts.
=260  \\$aTurnhout :$bBrepols.
=310  \\$aUpdated twice a year
=336  \\$atext$2rdacontent
=337  \\$acomputer$2rdamedia
=338  \\$aonline resource$2rdacarrier
=500  \\$aTitle from BREPOLiS web site "news page" (viewed on 27th Jan. 2005)
=520  \\$aSearchable database of Latin incipits (the opening words that identify manuscript texts), from the pre-Classical to the late Medieval periods.
=538  \\$aMode of access: World Wide Web.
=546  \\$aMultilingual search interface
=650  \0$aIncipits.
=650  \0$aManuscripts, Latin$vUnion lists.
=650  \0$aManuscripts, Latin (Medieval and modern)$vUnion lists.
=650  \0$aLatin literature$vIndexes.
=650  \0$aLatin literature, Medieval and modern$vIndexes.
=650  \0$aOpenings (Rhetoric)$vIndexes.
=787  0\$tIn principio (CD-ROM)
=852  41$aBritish Library$bHMNTS$je-media
=856  40$uhttp://www.brepolis.net$zFor subscribers only, requires user name and password; BL Reading Room access
=A02  \\$a3022728$z0
=CAT  \\$aCONV$b00$c20040425$lBLL90$h0713
=CAT  \\$aCONV$b00$c20040502$lBLL01$h1509
=CAT  \\$a3072$b40$c20050127$lBLL01$h1608
=CAT  \\$a3072$b40$c20050202$lBLL01$h1619
=CAT  \\$a3072$b40$c20050202$lBLL01$h1632
=CAT  \\$a3072$b40$c20050223$lBLL01$h1623
=CAT  \\$a3072$b40$c20050223$lBLL01$h1631
=CAT  \\$aBATCH$b00$c20091210$lBLL01$h2334
=CAT  \\$aBATCH$b00$c20091214$lBLL01$h0846
=CAT  \\$aBATCH$b00$c20091216$lBLL01$h0219
=CAT  \\$a3072$b40$c20110304$lBLL01$h1726
=CAT  \\$aBATCH-UPD$b40$c20131021$lBLL01$h1141
=FIN  \\$aY$d20050223
=FMT  \\$a  SE
=LAS  \\$aBATCH-UPD$b40$c20131021$lBLL01$h1141
=LKR  \\$aPAR$b009847149$lBLL01$r787$mIn principio (Online)$nIn principio (CD-ROM)
=SRC  \\$aDSS02$bbibh.200404.2.aa
=STA  \\$aSUPPRESSED$bDatabase
=TCO  \\$aXXX$c008

