=LDR  02398 as a2200601 a 4500
=001  012443156
=003  Uk
=005  20080430162732.0
=006  m\\\\\\\\d\|\\\\\\
=007  cr||||||||||||
=008  040415c20029999is\uu\p\si\\\\0\\\a0heb\\
=040  \\$aUk$beng$cUk
=041  0\$aheb$ayid$alad$ajrb
=042  \\$aukblsr
=082  04$a011.2924$222
=245  04$aThe bibliography of the Hebrew book$h[electronic resource].
=260  \\$aJerusalem :$bCDI Systems.
=336  \\$atext$2rdacontent
=337  \\$acomputer$2rdamedia
=338  \\$aonline resource$2rdacarrier
=362  1\$aLaunched in Sept. 2002.
=500  \\$aTitle from home page (viewed on 30 June 2005).
=520  \\$aComprehensive bibliography of books printed in the Hebrew language between 1473 and 1960. Includes over 100,000 titles and 12,000 authors. Features a complete list of books in Ladino and thousands of books featuring text in Hebrew and Yiddish, as well as hundreds of books in lesser-known Jewish languages such as Judeo-Arabic and Bucharit.
=530  \\$aAlso issued on CD-ROM.
=538  \\$aMode of access: World Wide Web.
=550  \\$aDeveloped by the Institute for Hebrew Bibliography and other bodies.
=650  \0$aHebrew imprints.
=650  \0$aLadino imprints.
=650  \0$aYiddish imprints.
=650  \0$aJudeo-Arabic imprints.
=710  2\$aMifʿal ha-bibliyografyah ha-ʿIvrit (Jerusalem)
=852  41$aBritish Library$bHMNTS$je-media
=856  40$uhttp://www.hebrew-bibliography.com$zFor subscribers only; BL Reading Room access
=A02  \\$a3012114$z0
=CAT  \\$aCONV$b00$c20040425$lBLL90$h0713
=CAT  \\$a6946$b40$c20050620$lBLL01$h1558
=CAT  \\$a3072$b40$c20050630$lBLL01$h1659
=CAT  \\$a3072$b40$c20050630$lBLL01$h1740
=CAT  \\$a3072$b40$c20050630$lBLL01$h1742
=CAT  \\$a3072$b40$c20050630$lBLL01$h1749
=CAT  \\$a3072$b40$c20050701$lBLL01$h0835
=CAT  \\$a11279$b40$c20080430$lBLL01$h1627
=CAT  \\$aBATCH-UPD$b40$c20081026$lBLL01$h2138
=CAT  \\$aBATCH$b00$c20091210$lBLL01$h2334
=CAT  \\$aBATCH$b00$c20091214$lBLL01$h0846
=CAT  \\$aBATCH$b00$c20091216$lBLL01$h0220
=CAT  \\$aBATCH-UPD$b00$c20131021$lBLL01$h1142
=FIN  \\$aY$d20050630
=FMT  \\$a  SE
=LAS  \\$aBATCH-UPD$b00$c20131021$lBLL01$h1142
=SRC  \\$aDSS02$bbibh.200404.2.aa
=STA  \\$aSUPPRESSED$bDatabase
=TCO  \\$aXXX$c008

