=LDR  01858 as a2200505 a 4500
=001  012444975
=003  Uk
=005  20050705115007.0
=006  m\\\\\\\\d\|\\\\\\
=007  cr||||||||||||
=008  040415c199u9999xxuuu\p\sie\\\0||||0eng\\
=040  \\$aUk$beng$cUk
=042  \\$aukblsr
=082  04$a910.3$222
=130  0\$aColumbia gazetteer of the world (Online)
=245  14$aThe Columbia gazetteer of the world$h[electronic resource].
=246  13$aColumbia gazetteer of the world online
=260  \\$a[United States] :$bColumbia University Press.
=336  \\$atext$2rdacontent
=337  \\$acomputer$2rdamedia
=338  \\$aonline resource$2rdacarrier
=500  \\$aTitle from title screen (viewed on 13 June 2005)
=520  \\$aA database of names, descriptions, and characteristics of over 165,000 places in the world. Includes both modern and historical place names.
=530  \\$aAlso issued in print format.
=538  \\$aMode of access: World Wide Web.
=650  \0$aGazetteers.
=776  1\$tColumbia gazetteer of the world
=852  41$aBritish Library$bHMNTS$je-media
=856  40$uhttp://www.columbiagazetteer.org/$zFor subscribers only; BL Reading Room access
=A02  \\$a1342645$z142645
=CAT  \\$aCONV$b00$c20040425$lBLL90$h0713
=CAT  \\$aCONV$b00$c20040502$lBLL01$h1509
=CAT  \\$a3072$b40$c20050609$lBLL01$h1123
=CAT  \\$a3072$b40$c20050609$lBLL01$h1135
=CAT  \\$a3072$b40$c20050705$lBLL01$h1150
=CAT  \\$aBATCH$b00$c20091210$lBLL01$h2335
=CAT  \\$aBATCH$b00$c20091214$lBLL01$h0846
=CAT  \\$aBATCH$b00$c20091216$lBLL01$h0220
=CAT  \\$aBATCH-UPD$b00$c20131021$lBLL01$h1142
=FIN  \\$aY$d20050705
=FMT  \\$a  SE
=LAS  \\$aBATCH-UPD$b00$c20131021$lBLL01$h1142
=SRC  \\$aDSS02$bbibh.200404.2.aa
=STA  \\$aSUPPRESSED$bDatabase
=TCO  \\$aTRS$bCCC$c008

