=LDR  01781 as a2200469 a 4500
=001  012445820
=003  Uk
=005  20050224165909.0
=006  m\\\\\\\\d\|\\\\\\
=007  cr||||||||||||
=008  040416c199u9999xxuuu\p\sai\\\0\\\a0eng\\
=015  \\$aGBA517119$2bnb
=040  \\$aUk$beng$cUk
=042  \\$aukblsr
=082  04$a320.6$222
=245  00$aPolicyFile$h[electronic resource] :$bpublic policy research and analysis.
=246  3\$aPolicy file
=260  \\$a[United States?];$a[Cambridge?] :$bProQuest Information and Learning.
=336  \\$atext$2rdacontent
=337  \\$acomputer$2rdamedia
=338  \\$aonline resource$2rdacarrier
=500  \\$aTitle from home page (viewed on 24 Feb. 2005).
=520  \\$aIndexes, abstracts and provides direct links to research reports on public policy issues produced by think tanks, university research programmes and research organisations in the US.
=538  \\$aMode of access: World Wide Web.
=650  \0$aPolitical planning$vAbstracts.
=650  \0$aPolitical planning$vIndexes.
=852  41$aBritish Library$bSTI$je-media
=856  40$uhttp://www.policyfile.com$zFor subscribers only, user name and password required; BL Reading Room access
=A02  \\$a1446709$z46709
=CAT  \\$aCONV$b00$c20040425$lBLL90$h0713
=CAT  \\$aCONV$b00$c20040502$lBLL01$h1509
=CAT  \\$a3072$b40$c20050224$lBLL01$h1659
=CAT  \\$aBATCH$b00$c20091210$lBLL01$h2335
=CAT  \\$aBATCH$b00$c20091214$lBLL01$h0847
=CAT  \\$aBATCH$b00$c20091216$lBLL01$h0220
=CAT  \\$aBATCH-UPD$b00$c20131021$lBLL01$h1141
=FIN  \\$aY$d20050224
=FMT  \\$a  SE
=LAS  \\$aBATCH-UPD$b00$c20131021$lBLL01$h1141
=SRC  \\$aDSS03$bbibsr.200404.2.aa
=STA  \\$aSUPPRESSED$bDatabase
=TCO  \\$aTRS$bCCC$c008

