=LDR  02854 ai a2200793 a 4500
=001  012446195
=003  Uk
=005  20120316120957.0
=006  m\\\\\\\\e\\\\\\\\
=007  cr\cnu||||||||
=008  070925c20009999njuwr\wss\itu\0\\\c2eng\d
=035  \\$a(OCoLC)173282282
=040  \\$aBOS$cBOS$dBOS$dTXA$dUk
=042  \\$aukblsr
=082  04$a620.005$222
=245  00$aEngineering village$h[electronic resource].
=246  1\$iAt head of title:$aEi
=246  1\$iAlso known as:$aEV
=247  10$aEngineering village 2$f<Apr. 2, 2003>
=260  \\$a[Hoboken, N.J. :$bElsevier Engineering Information, Inc.]
=310  \\$aUpdated weekly
=336  \\$atext$2rdacontent
=337  \\$acomputer$2rdamedia
=338  \\$aonline resource$2rdacarrier
=362  1\$aBegan in 2000.
=500  \\$aTitle from search screen (viewed May 14, 2010).
=520  \\$aIncludes the the Compendex and INSPEC and NTIS databases covering all aspects of engineering plus applied physics, computing, data processing, nuclear technology industry standards and engineering management. Coverage is from 1884 onwards.
=538  \\$aMode of access: World Wide Web.
=650  \0$aEngineering$vIndexes.
=650  \0$aTechnology$vIndexes.
=650  \0$aEngineering$vAbstracts.
=650  \0$aTechnology$vAbstracts.
=650  \0$aPatents$vDatabases.
=710  2\$aEngineering Information, Inc.
=740  02$aCompendex.
=740  02$aCompendex historical 1884-1968 (Online)
=740  02$aGEOBASE (Online)
=740  02$aInspec
=740  02$aNTIS (Online)
=740  02$aReferex engineering.
=740  02$aCRC ENGnetBASE.
=740  02$aEngineering village 2 standards store.
=740  02$aUSPTO Web patent databases.
=740  02$aEsp@cenet.
=740  02$aScirus.
=780  01$tEngineering information village
=780  01$tEi CompendixWeb
=852  41$aBritish Library$bSTI$je-media
=856  40$uhttp://www.engineeringvillage2.org/controller/servlet/Controller$zFor subscribers only; BL Reading Room access
=A02  \\$a3002211$z0
=CAT  \\$aCONV$b00$c20040425$lBLL90$h0713
=CAT  \\$aCONV$b00$c20040502$lBLL01$h1509
=CAT  \\$a3072$b40$c20050505$lBLL01$h1655
=CAT  \\$a3072$b40$c20050519$lBLL01$h1344
=CAT  \\$a11279$b40$c20050919$lBLL01$h1600
=CAT  \\$aBATCH$b00$c20091210$lBLL01$h2335
=CAT  \\$aBATCH$b00$c20091214$lBLL01$h0847
=CAT  \\$aBATCH$b00$c20091216$lBLL01$h0220
=CAT  \\$a3072$b40$c20100514$lBLL01$h1005
=CAT  \\$a3072$b40$c20100514$lBLL01$h1008
=CAT  \\$a3072$b40$c20120316$lBLL01$h1209
=CAT  \\$aBATCH-UPD$b40$c20131021$lBLL01$h1141
=FIN  \\$aY$d20050519
=FMT  \\$a  SE
=LAS  \\$aBATCH-UPD$b40$c20131021$lBLL01$h1141
=SID  \\$aZ39$bOCLC
=SRC  \\$aDSS03$bbibsr.200404.2.aa
=STA  \\$aSUPPRESSED$bDatabase
=TCO  \\$aTRS$bCCC$c008

