=LDR  02971 ai a2200637 a 4500
=001  012448133
=003  Uk
=005  20100906161037.0
=006  m\\\\\\\\d\|\\\\\\
=007  cr||||||||||||
=008  040416c20039999xxuuu\d\s\\\\o0\\\a2eng\\
=040  \\$aUk$beng$cUk$dUk
=042  \\$aukblsr
=082  04$a328.73$222
=245  00$aU.S. congressional serial set$h[electronic resource].
=246  3\$aUnited States congressional serial set
=246  30$aCongressional serial set
=260  \\$a[Chester, VT] :$bNewsBank,$c2003-
=336  \\$atext$2rdacontent
=337  \\$acomputer$2rdamedia
=338  \\$aonline resource$2rdacarrier
=490  1\$aReadex.$aArchive of Americana
=500  \\$aPrior to the 97th Congress, the serial set had no official name; it was popularly known as the Congressional serial set.
=500  \\$aTitle from database selection screen (viewed on 28 Apr. 2005).
=520  \\$aDatabase of texts from the bound, sequentially numbered volumes of all the reports, documents and journals of the U.S Senate and House of Representatives. When complete will include 12 million pages covering 1817-1980, plus supplement 1981-1994. Texts constitute a rich source of primary source material on all aspects of American history.
=538  \\$aMode of access: World Wide Web.
=580  \\$aAlso issued in print version under title: United States congressional serial set; in microfiche under title: CIS U.S. serial set.
=610  10$aUnited States.$bCongress.
=651  \0$aUnited States$xPolitics and government.
=710  2\$aNewsBank, inc.
=787  1\$tUnited States congressional serial set
=830  \0$aReadex digital collections.$pArchive of Americana.
=852  41$aBritish Library$bHMNTS$je-media
=852  41$aBritish Library$bHMNTS$je-media
=852  41$aBritish Library$bHMNTS$je-media
=856  40$uhttp://infoweb.newsbank.com$zFor subscribers only, follow links to resource; BL Reading Room access
=985  \\$a1981-1994 supplement currently on separate record 15339441; ideally needs to be merged with this one.
=A02  \\$a3026078$z0
=CAT  \\$aCONV$b00$c20040425$lBLL90$h0713
=CAT  \\$aCONV$b00$c20040502$lBLL01$h1509
=CAT  \\$a3072$b40$c20050428$lBLL01$h1636
=CAT  \\$a3072$b40$c20050628$lBLL01$h1140
=CAT  \\$aBATCH$b00$c20091210$lBLL01$h2336
=CAT  \\$aBATCH$b00$c20091214$lBLL01$h0847
=CAT  \\$aBATCH$b00$c20091216$lBLL01$h0221
=CAT  \\$a3072$b40$c20100906$lBLL01$h1605
=CAT  \\$a3072$b40$c20100906$lBLL01$h1610
=CAT  \\$aBATCH-UPD$b40$c20120802$lBLL01$h0157
=CAT  \\$aBATCH-UPD$b40$c20131021$lBLL01$h1142
=FIN  \\$aY$d20050428
=FMT  \\$a  SE
=LAS  \\$aBATCH-UPD$b40$c20131021$lBLL01$h1142
=LKR  \\$aPAR$b011147850$lBLL01$r787$mU.S. congressional serial set (Online)$nUNITED STATES CONGRESSIONAL SERIAL SET (BOUND VOLUMES)
=SRC  \\$aDSS03$bbibsr.200404.2.aa
=STA  \\$aSUPPRESSED$bDatabase
=TCO  \\$aTRS$bCCC$c008

