=LDR  01700 as a2200445ua 4500
=001  012453606
=003  Uk
=005  20131021114100.0
=007  c|||||
=008  030904c19989999xxumr|p|s|\\\\0\\\|0eng\\
=019  1\$abld00L0568
=022  0\$a1528-3127
=040  \\$aUk$cUk
=222  \0$aInternational index to the performing arts$b(Online)
=245  00$aInternational index to the performing arts$h[electronic resource] :$bIIPA.
=246  3\$aIIPA
=260  \\$a[Ann Arbor, Mich.] :$bChadwyck-Healey,$c[1998]-
=310  \\$aUpdated monthly
=336  \\$atext$2rdacontent
=337  \\$acomputer$2rdamedia
=500  \\$aTitle from home page (viewed on 3 Apr. 2003)
=520  \\$aIndexes over 210 international performing arts periodicals and 33 full-text titles. Start dates vary; includes retrospective citations dating back to 1864. Also indexes documents such as biographical profiles, conference papers, obituaries, interviews, discographies, reviews and events.
=530  \\$aAlso available on CD-ROM.
=538  \\$aMode of access: World Wide Web.
=650  \0$aPerforming arts$vIndexes.
=650  \0$aPerforming arts$vAbstracts.
=852  41$aBritish Library$bHMNTS$je-media
=856  40$uhttp://iipa.chadwyck.com$zBL Reading Room access only
=957  \\$a030403p
=CAT  \\$aCONV$b00$c20040425$lBLL90$h0720
=CAT  \\$aCONV$b00$c20040502$lBLL01$h1509
=CAT  \\$aBATCH$b00$c20091123$lBLL01$h0137
=CAT  \\$aBATCH-UPD$b00$c20131021$lBLL01$h1141
=FIN  \\$aY
=FMT  \\$a  SE
=LAS  \\$aBATCH-UPD$b00$c20131021$lBLL01$h1141
=LEO  \\$aMP13.0000121281
=SRC  \\$aHSS01$bbibmp13.200404.2.aa
=STA  \\$aSUPPRESSED$bDatabase
=TCO  \\$aTRS$bCCC$c008

