=LDR  01453 as a2200409ua 4500
=001  012453614
=003  Uk
=005  20050629141922.0
=007  cr||||||||||||
=008  030904c199u9999ru\|||p|s|i\\\0\\\|0rus\\
=019  1\$abld00L0577
=040  \\$aUk$cUk$dUk
=245  00$aKodeks$h[electronic resource].
=246  1\$iAlso known as$aKodeks database
=260  \\$a[Moskva?] :$bKodeks.
=336  \\$atext$2rdacontent
=337  \\$acomputer$2rdamedia
=338  \\$aonline resource$2rdacarrier
=500  \\$aTitle from main search screen (viewed on 3 Apr. 2003)
=520  \\$aDatabase of Russian legislation comprising documents from 1991. Includes legislative acts issued by approximately 200 executive, legislative and judiciary bodies in Russia.
=538  \\$aMode of access: World Wide Web.
=650  \0$aLaw$zRussia (Federation)
=852  41$aBritish Library$bHMNTS$je-media
=856  40$uhttp://kodeks.eastview.com$zFor subscribers only; BL Reading Room access
=957  \\$a030402p
=CAT  \\$aCONV$b00$c20040425$lBLL90$h0720
=CAT  \\$aCONV$b00$c20040502$lBLL01$h1509
=CAT  \\$a3072$b40$c20050629$lBLL01$h1419
=CAT  \\$aBATCH$b00$c20091123$lBLL01$h0137
=CAT  \\$aBATCH-UPD$b00$c20131021$lBLL01$h1141
=FIN  \\$aY
=FMT  \\$a  SE
=LAS  \\$aBATCH-UPD$b00$c20131021$lBLL01$h1141
=LEO  \\$aMP13.0000121290
=SRC  \\$aHSS01$bbibmp13.200404.2.aa
=STA  \\$aSUPPRESSED$bDatabase
=TCO  \\$aXXX$c008

