=LDR  01619 as a2200433ua 4500
=001  012454653
=003  Uk
=005  20131021114200.0
=007  c|||||
=008  030926c19999999xxu|||p|s|i\\\0\\\|0eng\\
=019  1\$abld00L1802
=040  \\$aUk$cUk
=245  04$aThe music index online$h[electronic resource].
=260  \\$aWarren, Mich. :$bHarmonie Park Press,$c1999-
=336  \\$atext$2rdacontent
=337  \\$acomputer$2rdamedia
=500  \\$aTitle from title screen (viewed on 23 Apr. 2003)
=520  \\$aA subject and author guide to music periodical literature from 1979 onwards, covering more than 670 international music periodicals.
=530  \\$aAlso available in print format, as: The music index, and on CD-ROM as: The music index on CD-ROM.
=538  \\$aMode of access: World wide web.
=650  \0$aMusic$xPeriodicals$vIndexes.
=650  \0$aMusicology$xPeriodicals$vIndexes.
=650  \0$aPopular music$xPeriodicals$vIndexes.
=730  4\$aThe music index,$x0027-4348.
=730  4\$aThe music on CD-ROM,$x1066-1514.
=852  41$aBritish Library$bHMNTS$je-media
=856  40$uhttp://www.hppmusicindex.com$zFor subscribers only; BL Reading Room access
=957  \\$a030423p
=CAT  \\$aCONV$b00$c20040425$lBLL90$h0720
=CAT  \\$aCONV$b00$c20040502$lBLL01$h1509
=CAT  \\$aBATCH$b00$c20091123$lBLL01$h0138
=CAT  \\$aBATCH-UPD$b00$c20131021$lBLL01$h1142
=FIN  \\$aY
=FMT  \\$a  SE
=LAS  \\$aBATCH-UPD$b00$c20131021$lBLL01$h1142
=LEO  \\$aMP13.0000122380
=SRC  \\$aHSS01$bbibmp13.200404.2.aa
=STA  \\$aSUPPRESSED$bDatabase
=TCO  \\$aTRS$bCCC$c008

