=LDR  01645 as a2200445ua 4500
=001  012455218
=003  Uk
=005  20131021114100.0
=007  c|||||
=008  030828c20019999fr\qr|p|s|\\\\0\\\|0eng\\
=019  1\$abld00L2442
=040  \\$aUk$cUk
=130  0\$aIndex translationum (Online)
=245  00$aIndex translationum$h[electronic resource] :$binternational bibliography of translations.
=260  \\$aParis :$bUNESCO.
=310  \\$aUpdated quarterly
=336  \\$atext$2rdacontent
=337  \\$acomputer$2rdamedia
=500  \\$aTitle from home page (viewed on 1 May 2003)
=500  \\$aBegan in 2001?.
=520  \\$aA bibliographic database of translated books published in about 100 countries in all fields since 1979. Subject coverage is mostly humanities and social sciences.
=530  \\$aAlso available on CD-ROM.
=538  \\$aMode of access: World Wide Web.
=650  \0$aTranslations$vBibliography$vPeriodicals.
=710  2\$aUnesco.
=852  41$aBritish Library$bHMNTS$je-media
=856  40$uhttp://www.unesco.org/culture/xtrans$zBL Reading Room access only
=886  2\$2ukmarc$a910$b20$aUnited Nations$cEducational, Scientific and Cultural Organization$xSee$aUnesco$z710
=957  \\$a030501p
=CAT  \\$aCONV$b00$c20040425$lBLL90$h0720
=CAT  \\$aCONV$b00$c20040502$lBLL01$h1509
=CAT  \\$aBATCH$b00$c20091123$lBLL01$h0138
=CAT  \\$aBATCH-UPD$b00$c20131021$lBLL01$h1141
=FIN  \\$aY
=FMT  \\$a  SE
=LAS  \\$aBATCH-UPD$b00$c20131021$lBLL01$h1141
=LEO  \\$aMP13.0000122970
=SRC  \\$aHSS01$bbibmp13.200404.2.aa
=STA  \\$aSUPPRESSED$bDatabase
=TCO  \\$aFRA$bCFC$c008

