=LDR  01789 as a2200481 a 4500
=001  012455281
=003  Uk
=005  20051118141146.0
=007  c|||||
=008  040225c199u9999fr\|||p|s|\\\\0\\\|0fre\\
=019  1\$abld00L2512
=040  \\$aUk$cUk$dUk
=245  00$aBase textuelle FRANTEXT$h[electronic resource].
=246  3\$aFRANTEXT
=260  \\$aNancy :$bCNRS.
=336  \\$atext$2rdacontent
=337  \\$acomputer$2rdamedia
=500  \\$aTitle from title screen (viewed on 1 May 2003)
=520  \\$aDeveloped by the Institut national de la langue français, FRANTEXT is a corpus of over 3500 mainly literary texts from the 16th-20th century. The sub-corpus (sous ensemble de textes catégorisés) supports more detailed grammatical searches.
=530  \\$aAlso issued on CD-ROM.
=538  \\$aMode of access: World Wide Web.
=650  \0$aFrench literature.
=650  \0$aFrench language.
=710  2\$aCentre national de la recherche scientifique (France)
=710  2\$aInstitut national de la langue française (France)
=852  41$aBritish Library$bHMNTS$je-media
=856  40$uhttp://zeus.inalf.cnrs.fr/frantext.htm$zBL Reading Room access only
=957  \\$a030501p
=985  \\$aRecord merged by DQ team
=CAT  \\$aCONV$b00$c20040425$lBLL90$h0720
=CAT  \\$aCONV$b00$c20040502$lBLL01$h1509
=CAT  \\$a6550$b40$c20051118$lBLL01$h1407
=CAT  \\$a6550$b40$c20051118$lBLL01$h1411
=CAT  \\$aUE-01$b00$c20060215$lBLL01$h1331
=CAT  \\$aBATCH-UPD$b00$c20131021$lBLL01$h1141
=FIN  \\$aY
=FMT  \\$a  SE
=LAS  \\$aBATCH-UPD$b00$c20131021$lBLL01$h1141
=LEO  \\$aMP13.0000123037
=SRC  \\$aHSS01$bbibmp13.200404.2.aa
=SRC  \\$aDSS02$bbibh.200404.2.aa
=STA  \\$aSUPPRESSED$bDatabase
=TCO  \\$aFRA$bCFC$c008

