=LDR  01719 as a2200433ua 4500
=001  012456886
=003  Uk
=005  20131021114200.0
=007  c|||||
=008  030801c199u9999xxu|||p|s|\\\\0\\\|0eng\\
=019  1\$abld00L4302
=040  \\$aUk$cUk
=245  00$aWomen writers online$h[electronic resource].
=246  3\$aWWP textbase
=246  3\$aWomen Writers Project
=260  \\$a[Providence, R.I] :$bBrown University.
=336  \\$atext$2rdacontent
=337  \\$acomputer$2rdamedia
=500  \\$aTitle from home page (viewed on 2 June 2003)
=500  \\$aTitle from html header: WWP textbase. Also known as Women Writers Project.
=520  \\$aThe Women Writers Project textbase of pre-Victorian women's writing from 1400 to 1850. The writings include fiction, poetry, and drama as well as texts on science, medicine, philosophy and history and contributions to political and religious debates of the period.
=538  \\$aMode of access: World Wide Web.
=650  \0$aEnglish literature$xWomen authors.
=650  \0$aAmerican literature$xWomen authors.
=710  2\$aBrown University.$bWomen Writers Project.
=852  41$aBritish Library$bHMNTS$je-media
=856  40$uhttp://www.wwwp.brown.edu/texts/wwoentry.html$zFor subscribers only; BL Reading Room access
=957  \\$a030602p
=CAT  \\$aCONV$b00$c20040425$lBLL90$h0720
=CAT  \\$aCONV$b00$c20040502$lBLL01$h1509
=CAT  \\$aBATCH$b00$c20091123$lBLL01$h0139
=CAT  \\$aBATCH-UPD$b00$c20131021$lBLL01$h1142
=FIN  \\$aY
=FMT  \\$a  SE
=LAS  \\$aBATCH-UPD$b00$c20131021$lBLL01$h1142
=LEO  \\$aMP13.0000124691
=SRC  \\$aHSS01$bbibmp13.200404.2.aa
=STA  \\$aSUPPRESSED$bDatabase
=TCO  \\$aTRS$bCCC$c008

