=LDR  01693 as a22004577a 4500
=001  012456990
=003  Uk
=005  20051229105950.0
=007  c|||||
=008  040224c199u9999xxu|||p|s|\\\\0\\\|0eng\\
=019  1\$abld00L4418
=040  \\$aUk$cUk$dUk
=245  00$aAccessUN$h[electronic resource].
=246  3\$aAccess UN
=246  3\$aReadex AccessUN
=260  \\$a[Chester, Vt.] :$bReadex.
=336  \\$atext$2rdacontent
=337  \\$acomputer$2rdamedia
=500  \\$aTitle from parent company home page (viewed on 3 June 2003)
=520  \\$aWeb-based Index to United Nations Documents and Publications, with links to full text of documents when available free on the Internet.
=530  \\$aAlso available in CD-ROM format as: Index to United Nations documents and periodicals.
=538  \\$aMode of access: World Wide Web.
=610  24$aUnited Nations$vIndexes$vPeriodicals.
=610  24$aUnited Nations$vResolutions$vPeriodicals.
=740  0\$aIndex to United Nations documents and periodicals.
=852  41$aBritish Library$bHMNTS$je-media
=856  40$uhttp://infoweb.newsbank.com$zFor subscribers only, follow link to resource; BL Reading Room access
=957  \\$a030603p
=985  \\$aRecord merged by DQ team
=CAT  \\$aCONV$b00$c20040425$lBLL90$h0720
=CAT  \\$aCONV$b00$c20040502$lBLL01$h1509
=CAT  \\$a6550$b40$c20051229$lBLL01$h1059
=CAT  \\$aBATCH-UPD$b40$c20131021$lBLL01$h1141
=FIN  \\$aY
=FMT  \\$a  SE
=LAS  \\$aBATCH-UPD$b40$c20131021$lBLL01$h1141
=LEO  \\$aMP13.0000124797
=SRC  \\$aDSS03$bbibsr.200404.2.aa
=SRC  \\$aHSS01$bbibmp13.200404.2.aa
=STA  \\$aSUPPRESSED$bDatabase
=TCO  \\$aTRS$bCCC$c008

