=LDR  01815 as a2200457 a 4500
=001  012457030
=003  Uk
=005  20051114150847.0
=007  c|||||
=008  031103c20019999xxu|||p|s|\\\\0\\\a0eng\\
=019  1\$abld00L4468
=040  \\$aUk$cUk$dUk
=245  04$aThe American Civil War : letters and diaries$h[electronic resource].
=260  \\$a[Alexandria, Va.] :$bAlexander Street Press,$c2001-
=336  \\$atext$2rdacontent
=337  \\$acomputer$2rdamedia
=500  \\$aTitle from home page (viewed on 3 June 2003)
=500  \\$aDescription based on: Release 3.0: September 2002.
=520  \\$aMore than a thousand sources of diaries, letters, and memoirs that provide access to thousands of views on almost every aspect of the war.
=538  \\$aMode of access: World Wide Web.
=651  \0$aUnited States$xHistory$yCivil War, 1861-1865$vPersonal narratives.
=651  \0$aUnited States$xHistory$yCivil War, 1861-1865$vDiaries.
=651  \0$aUnited States$xHistory$yCivil War, 1861-1865$vSources.
=651  \0$aUnited States$xHistory$yCivil War, 1861-1865$vSources$vBibliography.
=852  41$aBritish Library$bHMNTS$je-media
=856  40$uhttp://www.alexanderstreet2.com.cwldlive$zFor subscribers only; BL Reading Room access
=957  \\$a030603p
=985  \\$aRecord merged by DQ team
=CAT  \\$aCONV$b00$c20040425$lBLL90$h0720
=CAT  \\$aCONV$b00$c20040502$lBLL01$h1509
=CAT  \\$a3072$b40$c20050426$lBLL01$h1138
=CAT  \\$a6550$b40$c20051114$lBLL01$h1508
=CAT  \\$aBATCH-UPD$b40$c20131021$lBLL01$h1142
=FIN  \\$aY
=FMT  \\$a  SE
=LAS  \\$aBATCH-UPD$b40$c20131021$lBLL01$h1142
=LEO  \\$aMP13.0000124841
=SRC  \\$aDSS02$bbibh.200404.2.aa
=SRC  \\$aHSS01$bbibmp13.200404.2.aa
=STA  \\$aSUPPRESSED$bDatabase
=TCO  \\$aTRS$bCCC$c008

