=LDR  01833 as a2200433ua 4500
=001  012457524
=003  Uk
=005  20131021114100.0
=007  c|||||
=008  030904c199u9999gw\dr|p|s|c\\\0\\\|0ger\\
=019  1\$abld00L5042
=040  \\$aUk$cUk
=110  2\$aDeutsche Bibliothek (Frankfurt am Main, Germany)
=245  10$aOnline-Katalog der Deutschen Bibliothek Frankfurt am Main$h[electronic resource].
=260  \\$a[Frankfurt :$bDeutsche Bibliothek]
=310  \\$aUpdated daily
=336  \\$atext$2rdacontent
=337  \\$acomputer$2rdamedia
=500  \\$aTitle from title screen (viewed 13 June 2003)
=520  \\$aThe online catalogue of the Deutsche Bibliothek contains records for all books listed since 1945 in the "Deutsche Nationalbibliographie" and thus serves as a German national bibliography for that period.
=538  \\$aMode of access: World Wide Web.
=610  24$aDeutsche Bibliothek (Frankfurt am Main, Germany)$vCatalogs$vPeriodicals.
=650  \0$aGerman imprints$vCatalogs$vPeriodicals.
=852  41$aBritish Library$bHMNTS$je-media
=856  40$uhttp://dbf-opac.ddb.de$zBL Reading Room access only
=886  2\$2ukmarc$a910$b20$aDeutsche Bücherei$eGermany$xSee also$aDeutsche Bibliothek$x(Frankfurt am Main, Germany)$z110
=886  2\$2ukmarc$a910$b20$aDeutsche Bücherei$eGermany$xSee also$aDeutsche Bibliothek$x(Frankfurt am Main, Germany)$z610
=957  \\$a030613p
=CAT  \\$aCONV$b00$c20040425$lBLL90$h0720
=CAT  \\$aCONV$b00$c20040502$lBLL01$h1509
=CAT  \\$aBATCH$b00$c20091123$lBLL01$h0139
=CAT  \\$aBATCH-UPD$b00$c20131021$lBLL01$h1141
=FIN  \\$aY
=FMT  \\$a  SE
=LAS  \\$aBATCH-UPD$b00$c20131021$lBLL01$h1141
=LEO  \\$aMP13.0000125352
=SRC  \\$aHSS01$bbibmp13.200404.2.aa
=STA  \\$aSUPPRESSED$bDatabase
=TCO  \\$aDEU$bVG WORT$c008

