=LDR  01729 ai a22004697a 4500
=001  013770225
=003  Uk
=005  20070615123048.0
=006  m\\\\\\\\d\|\\\\\\
=007  cr||||||||||||
=008  070615c199u9999xxuuu\d\sa\\\\0\\\a2eng\\
=040  \\$aUk$beng$cUk
=245  04$aThe Smithsonian/NASA astrophysics data system$h[electronic resource].
=246  30$aNASA astrophysics data system
=246  30$aAstrophysics data system
=246  30$aAds
=246  3\$iTitle on HTML header:$aNASA ADS
=260  \\$a[Washington, D.C.] :$bNASA ;$aCambridge, MA :$bHarvard-Smithsonian Center for Astrophysics
=336  \\$atext$2rdacontent
=337  \\$acomputer$2rdamedia
=338  \\$aonline resource$2rdacarrier
=500  \\$aBegan in 1997?
=500  \\$aTitle from home page (viewed on 15 June 2007).
=520  \\$aAn NASA funded abstracting resource covering astronomy, astrophysics, geophysics, etc.
=538  \\$aMode of access: World Wide Web.
=650  \0$aAstrophysics$vAbstracts.
=650  \0$aAstronomy$vAbstracts.
=650  \0$aAstronomical instruments$vAbstracts.
=650  \0$aGeophysics$vAbstracts.
=650  \0$aPhysics$vAbstracts.
=710  2\$aHarvard-Smithsonian Center for Astrophysics.
=710  1\$aUnited States.$bNational Aeronautics and Space Administration.
=852  41$aBritish Library$bSTI$je-media
=856  40$uhttp://adswww.harvard.edu/$zFor subscribers only; BL Reading Room
=CAT  \\$a3072$b40$c20070615$lBLL01$h1147
=CAT  \\$a3072$b40$c20070615$lBLL01$h1230
=CAT  \\$aBATCH-UPD$b40$c20131021$lBLL01$h1142
=FIN  \\$aY$d20070615
=FMT  \\$a  SE
=LAS  \\$aBATCH-UPD$b40$c20131021$lBLL01$h1142
=STA  \\$aSUPPRESSED$bDatabase
=TCO  \\$aTRS$bCCC$c008

