=LDR  01861 as a2200517ua 4500
=001  009917862
=003  Uk
=005  20140905173900.0
=006  a|||||||||||||||p|
=007  c|||||
=008  030926c199u9999enk|||p|s|\\\\0\\\|0eng\\
=FMT  \\$a  SE
=015  \\$aGBA326808$2bnb
=019  y\$abA326808
=019  9\$abA326808
=019  1\$abA326808
=039  0\$a2761
=040  \\$aUk$cUk
=082  04$a811.508$221
=245  00$aTwentieth century American poetry$h[electronic resource].
=246  3\$a20th century American poetry
=260  \\$a[Cambridge :$bChadwyck-Healey]
=336  \\$atext$2rdacontent
=337  \\$acomputer$2rdamedia
=500  \\$aAvailable as part of Literature online.
=500  \\$aTitle from title bar (viewed on 3 Apr. 2003). Title from search screen: 20th century American poetry.
=520  \\$aCollection of over 52,000 poems drawn from 750 volumes by over 300 poets including Adrienne Rich, Ezra Pound, William Carlos Williams, Denise Levertov, Wallace Stevens and Cathy Song.
=538  \\$aMode of access: World wide web.
=650  \0$aAmerican poetry$y20th century.
=650  \0$aPoets, American$y20th century$vPoetry.
=740  0\$aLiterature online.
=856  40$uhttp://collections.chadwyck.co.uk$zFor subcribers only; BL Reading Room access
=852  41$aBritish Library$bHMNTS$je-media
=CAT  \\$aCONV$b00$c20040425$lBLL90$h0723
=CAT  \\$aCONV$b00$c20040502$lBLL01$h1343
=CAT  \\$aBATCH$b00$c20091122$lBLL01$h1301
=CAT  \\$aBATCH-UPD$b00$c20131021$lBLL01$h1142
=CAT  \\$aWR14_140$c20140905$lBLL01$h1739
=FIN  \\$aY
=LEO  \\$aMP5.0000020648
=LEO  \\$aMP13.0000236823
=SRC  \\$aBNB03$bbibmp5.200404.2.aa
=SRC  \\$aHSS01$bbibmp13.200404.2.aa
=STA  \\$aSUPPRESSED$bDatabase
=TCO  \\$aCLA$bCLA$c008
=LAS  \\$aWR14_140$b00$c20140905$lBLL01$h1739

