=LDR  01805 as a2200553ua 4500
=001  009917871
=003  Uk
=005  20051216182957.0
=007  c|||||
=008  030828c20029999enkar|p|s|\\\\0\\\|0eng\\
=FMT  \\$a  SE
=015  \\$aGBA326863$2bnb
=019  y\$abA326863
=019  9\$abA326863
=019  1\$abA326863
=039  0\$a2757
=040  \\$aUk$cUk
=082  04$a703$221
=245  00$aGrove art$h[electronic resource].
=246  3\$aGrove dictionary of art online
=260  \\$a[Oxford] :$bOxford University Press.
=310  \\$aUpdated annually
=336  \\$atext$2rdacontent
=337  \\$acomputer$2rdamedia
=500  \\$aTitle from home page (viewed 3 Apr. 2003)
=500  \\$aBegan in 2002?.
=520  \\$aAn online reference resource for all aspects of the visual arts from prehistory to the present day.
=538  \\$aMode of access: World wide web.
=580  \\$aFormer title: Grove dictionary of art online.
=650  \0$aArt$vEncyclopedias.
=856  40$uhttp://www.groveart.com$zFor subscribers only; BL Reading Room access
=852  41$aBritish Library$bHMNTS$je-media
=985  \\$aRecord merged by DQ team
=CAT  \\$aCONV$b00$c20040425$lBLL90$h0723
=CAT  \\$aCONV$b00$c20040502$lBLL01$h1343
=CAT  \\$a6550$b40$c20051216$lBLL01$h1829
=CAT  \\$a11249$b40$c20060606$lBLL01$h0841
=CAT  \\$aBATCH$b00$c20091122$lBLL01$h1301
=CAT  \\$aBATCH-UPD$b00$c20131021$lBLL01$h1141
=CAT  \\$aWR14_140$c20140905$lBLL01$h1739
=FIN  \\$aY
=LEO  \\$aMP5.0000020661
=LEO  \\$aMP13.0000236833
=SRC  \\$aBNB03$bbibmp5.200404.2.aa
=SRC  \\$aHSS01$bbibmp13.200404.2.aa
=SRC  \\$aDSS02$bbibh.200404.2.aa
=STA  \\$aSUPPRESSED$bDatabase
=TCO  \\$aCLA$bCLA$c008
=LAS  \\$aWR14_140$b00$c20140905$lBLL01$h1739

