=LDR  01914 as a2200541ua 4500
=001  009917886
=003  Uk
=005  20050421150937.0
=006  a|||||||||||||||p|
=007  c|||||
=008  030926c199u9999enk|||p|s|\\\\0\\\|0eng\\
=FMT  \\$a  SE
=015  \\$aGBA327067$2bnb
=019  y\$abA327067
=019  9\$abA327067
=019  1\$abA327067
=039  0\$a2761
=040  \\$aUk$cUk
=082  04$a811.5080896073$221
=245  00$aTwentieth century African American poetry$h[electronic resource].
=246  3\$a20th century African American poetry
=246  3\$aDatabase of twentieth century African-American poetry
=260  \\$a[Cambridge :$bChadwyck-Healey]
=336  \\$atext$2rdacontent
=337  \\$acomputer$2rdamedia
=500  \\$aAvailable as part of Literature online.
=500  \\$aTitle from title screen (viewed on 21 Apr. 2005)
=520  \\$aDatabase of modern and contemporary African-American poetry from the early twentieth century to the present.
=538  \\$aMode of access: World wide web.
=650  \0$aAmerican poetry$xAfrican American authors$y20th century$vPeriodicals.
=650  \0$aAfrican Americans$vPoetry$vPeriodicals.
=740  0\$aLiterature online.
=856  40$uhttp://collections.chadwyck.co.uk$zFor subcribers only; BL Reading Room access
=852  41$aBritish Library$bHMNTS$je-media
=CAT  \\$aCONV$b00$c20040425$lBLL90$h0723
=CAT  \\$aCONV$b00$c20040502$lBLL01$h1343
=CAT  \\$a3072$b40$c20050421$lBLL01$h1509
=CAT  \\$aBATCH$b00$c20091122$lBLL01$h1301
=CAT  \\$aBATCH-UPD$b00$c20131021$lBLL01$h1142
=CAT  \\$aWR14_140$c20140905$lBLL01$h1739
=FIN  \\$aY
=LEO  \\$aMP5.0000020685
=LEO  \\$aMP13.0000236851
=SRC  \\$aBNB03$bbibmp5.200404.2.aa
=SRC  \\$aHSS01$bbibmp13.200404.2.aa
=STA  \\$aSUPPRESSED$bDatabase
=TCO  \\$aCLA$bCLA$c008
=LAS  \\$aWR14_140$b00$c20140905$lBLL01$h1739

