=LDR  01916 as a2200517ua 4500
=001  009917905
=003  Uk
=005  20140905173900.0
=006  a|||||||||||||||p|
=007  c|||||
=008  031103c199u9999enk|||p|s|\\\\0\\\|0eng\\
=FMT  \\$a  SE
=015  \\$aGBA327855$2bnb
=019  y\$abA327855
=019  9\$abA327855
=019  1\$abA327855
=039  0\$a2767
=040  \\$aUk$cUk
=082  04$a821.9108$221
=245  00$aTwentieth-century English poetry$h[electronic resource].
=246  3\$a20th century English poetry
=260  \\$a[Cambridge :$bChadwyck-Healey]
=336  \\$atext$2rdacontent
=337  \\$acomputer$2rdamedia
=500  \\$aAvailable as part of Literature online.
=500  \\$aTitle from title bar (viewed on 7 Apr. 2003). Title form search screen: 20th century English poetry.
=520  \\$aCollection of poetry from 1900 to the present day, including W.B. Yeats, Rudyard Kipling, John Betjeman, Tony Harrison, Benjamin Zephaniah and Carol Ann Duffy, and incorporating the poets in the Faber Poetry Library.
=538  \\$aMode of access: World Wide Web.
=650  \0$aEnglish poetry$y20th century.
=650  \0$aPoets, English$y20th century$vPoetry.
=740  0\$aLiterature online.
=856  40$uhttp://collections.chadwyck.co.uk$zFor subcribers only, follow links to resource; BL Reading Room access
=852  41$aBritish Library$bHMNTS$je-media
=CAT  \\$aCONV$b00$c20040425$lBLL90$h0723
=CAT  \\$aCONV$b00$c20040502$lBLL01$h1343
=CAT  \\$aBATCH$b00$c20091122$lBLL01$h1301
=CAT  \\$aBATCH-UPD$b00$c20131021$lBLL01$h1142
=CAT  \\$aWR14_140$c20140905$lBLL01$h1739
=FIN  \\$aY
=LEO  \\$aMP5.0000020780
=LEO  \\$aMP13.0000236872
=SRC  \\$aBNB03$bbibmp5.200404.2.aa
=SRC  \\$aHSS01$bbibmp13.200404.2.aa
=STA  \\$aSUPPRESSED$bDatabase
=TCO  \\$aCLA$bCLA$c008
=LAS  \\$aWR14_140$b00$c20140905$lBLL01$h1739

