=LDR  01795 as a2200517ua 4500
=001  009917913
=003  Uk
=005  20140905173900.0
=006  a|||||||||||||||p|
=007  c|||||
=008  031103c199u9999enk|||p|s|\\\\0\\\|0eng\\
=FMT  \\$a  SE
=015  \\$aGBA327928$2bnb
=019  y\$abA327928
=019  9\$abA327928
=019  1\$abA327928
=039  0\$a2767
=040  \\$aUk$cUk
=082  04$a811.3080896073$221
=245  00$aAfrican-American poetry$h[electronic resource].
=260  \\$a[Cambridge :$bChadwyck-Healey]
=336  \\$atext$2rdacontent
=337  \\$acomputer$2rdamedia
=500  \\$aAvailable as part of Literature online.
=500  \\$aTitle from title bar (viewed on 7 Apr. 2003)
=520  \\$aContains nearly 3000 poems written by African-American poets in the late eighteenth and nineteenth centuries.
=538  \\$aMode of access: World Wide Web.
=650  \0$aAmerican poetry$xAfrican American authors$y18th century.
=650  \0$aAmerican poetry$xAfrican American authors$y19th century.
=650  \0$aAfrican Americans$vPoetry.
=740  0\$aLiterature online.
=856  40$uhttp://collections.chadwyck.co.uk$zFor subcribers only, follow links to resource; BL Reading Room access
=852  41$aBritish Library$bHMNTS$je-media
=CAT  \\$aCONV$b00$c20040425$lBLL90$h0723
=CAT  \\$aCONV$b00$c20040502$lBLL01$h1343
=CAT  \\$aBATCH$b00$c20091122$lBLL01$h1301
=CAT  \\$aBATCH-UPD$b00$c20131021$lBLL01$h1141
=CAT  \\$aWR14_140$c20140905$lBLL01$h1739
=FIN  \\$aY
=LEO  \\$aMP5.0000020789
=LEO  \\$aMP13.0000236880
=SRC  \\$aBNB03$bbibmp5.200404.2.aa
=SRC  \\$aHSS01$bbibmp13.200404.2.aa
=STA  \\$aSUPPRESSED$bDatabase
=TCO  \\$aCLA$bCLA$c008
=LAS  \\$aWR14_140$b00$c20140905$lBLL01$h1739

