=LDR  02421 as a2200553ua 4500
=001  009917922
=003  Uk
=005  20140905173900.0
=006  a|||||||||||||||p|
=007  c|||||
=008  040224c20029999enk|||p|s|\\\\0\\\|0eng\\
=FMT  \\$a  SE
=015  \\$aGBA327996$2bnb
=019  y\$abA327996
=019  9\$abA327996
=019  1\$abA327996
=039  0\$a2782
=040  \\$aUk$cUk
=082  04$a070.5096$221
=130  4\$aThe African publishing companion (Online)
=245  14$aThe African publishing companion$h[electronic resource] :$ba resource guide /$cresearched and compiled by Hans Zell Publishing Consultants ; editor: Hans M. Zell.
=260  \\$aLochcarron (Glais Bheinn, Lochcarron, Ross-shire, IV54 8YB) :$bHans Zell Pub. Consultants.
=336  \\$atext$2rdacontent
=337  \\$acomputer$2rdamedia
=500  \\$aTitle from home page (viewed on 7 Apr. 2003)
=520  \\$aA comprehensive documentation and information resource on the African publishing and the book trade. It contains over 1,600 entries, and is very extensively cross-referenced.
=530  \\$aAlso available in printed form.
=538  \\$aMode of access: World Wide Web.
=650  \0$aPublishers and publishing$zAfrica$vHandbooks, manuals, etc.
=650  \0$aPublishers and publishing$zAfrica$vDirectories.
=650  \0$aPublishers and publishing$zAfrica$xInformation resources.
=710  2\$aHans Zell Publishing Consultants.
=856  40$uhttp://www.africanpublishingcompanion.com$zPurchase of print edition required for access to password-protected online version, plus free updates for a limited period; BL Reading Room access
=886  2\$2ukmarc$a910$b20$aZell Publishing Consultants$xSee$aHans Zell Publishing Consultants$z710
=886  2\$2ukmarc$a910$b00$aZell$hHans$gPublishing Consultants$xSee$aHans Zell Publishing Consultants$z710
=852  41$aBritish Library$bHMNTS$je-media
=CAT  \\$aCONV$b00$c20040425$lBLL90$h0723
=CAT  \\$aCONV$b00$c20040502$lBLL01$h1343
=CAT  \\$aBATCH$b00$c20091122$lBLL01$h1301
=CAT  \\$aBATCH-UPD$b00$c20131021$lBLL01$h1142
=CAT  \\$aWR14_140$c20140905$lBLL01$h1739
=FIN  \\$aY
=LEO  \\$aMP5.0000020798
=LEO  \\$aMP13.0000236889
=SRC  \\$aBNB03$bbibmp5.200404.2.aa
=SRC  \\$aHSS01$bbibmp13.200404.2.aa
=STA  \\$aSUPPRESSED$bDatabase
=TCO  \\$aCLA$bCLA$c008
=LAS  \\$aWR14_140$b00$c20140905$lBLL01$h1739

