=LDR  02105 as a2200553ua 4500
=001  009917967
=003  Uk
=005  20140905173900.0
=006  a|||||||||||||||p|
=007  c|||||
=008  031103c20009999enk|||p|s|\\\\0\\\|0eng\\
=FMT  \\$a  SE
=015  \\$aGBA328242$2bnb
=019  y\$abA328242
=019  9\$abA328242
=019  1\$abA328242
=039  0\$a2767
=040  \\$aUk$cUk
=082  04$a812.008$221
=245  00$aAmerican drama$h[electronic resource].
=260  \\$a[Cambridge :$bChadwyck-Healey]
=336  \\$atext$2rdacontent
=337  \\$acomputer$2rdamedia
=500  \\$aAvailable as part of Literature online.
=500  \\$aTitle from title bar (viewed on 8 Apr., 2003)
=520  \\$aThe largest electronic collection of American dramatic writing. It consists of searchable full-text of more than 1,100 plays from the colonial period to the beginning of the 20th century. Dramatists include Clyde Fitch, David Belasco and Jemes Herne.
=530  \\$aAlso available on CD-ROM.
=538  \\$aMode of access: World Wide Web.
=650  \0$aAmerican drama$yColonial period, ca. 1600-1775$vPeriodicals.
=650  \0$aAmerican drama$yRevolutionary period, 1775-1783$vPeriodicals.
=650  \0$aAmerican drama$y19th century$vPeriodicals.
=650  \0$aAmerican drama$y20th century$vPeriodicals.
=650  \0$aDramatists, American$vDrama$vPeriodicals.
=740  0\$aLiterature online.
=856  40$uhttp://collections.chadwyck.co.uk$zFor subcribers only, follow links to resource; BL Reading Room access
=852  41$aBritish Library$bHMNTS$je-media
=CAT  \\$aCONV$b00$c20040425$lBLL90$h0723
=CAT  \\$aCONV$b00$c20040502$lBLL01$h1343
=CAT  \\$aBATCH$b00$c20091122$lBLL01$h1301
=CAT  \\$aBATCH-UPD$b00$c20131021$lBLL01$h1141
=CAT  \\$aWR14_140$c20140905$lBLL01$h1739
=FIN  \\$aY
=LEO  \\$aMP5.0000020860
=LEO  \\$aMP13.0000236938
=SRC  \\$aBNB03$bbibmp5.200404.2.aa
=SRC  \\$aHSS01$bbibmp13.200404.2.aa
=STA  \\$aSUPPRESSED$bDatabase
=TCO  \\$aCLA$bCLA$c008
=LAS  \\$aWR14_140$b00$c20140905$lBLL01$h1739

