=LDR  02503cas a2200685 a 4500
=001  009917973
=003  Uk
=005  20230622164740.0
=007  cr\|||
=008  000508c20009999enkqr2\\s\\\\\0\\\a0eng\\
=FMT  \\$a  SE
=015  \\$aGBA328289$2bnb
=019  y\$abA328289
=019  9\$abA328289
=019  1\$abA328289
=022  0\$a1470-6229$202
=039  0\$a2767
=040  \\$aUk$cUk$dUk
=042  \\$aissnuk
=082  04$a920.073$221
=130  0\$aAmerican national biography (Online)
=210  0\$aAm. natl. biogr.$b(Online)
=222  \0$aAmerican national biography$b(Online)
=245  00$aAmerican national biography$h[electronic resource] :$bOnline.
=246  3\$aAmerican national biography online
=260  \\$a[New York ;$aOxford] :$bOxford University Press,$c[2000]-
=310  \\$aUpdated quarterly
=336  \\$atext$2rdacontent
=337  \\$acomputer$2rdamedia
=338  \\$aonline resource$2rdacarrier
=500  \\$aTitle from home page (viewed 8 Apr., 2003); title from title bar: American national biography online.
=500  \\$aPublished under the auspices of the American Council of Learned Societies.
=520  \\$aProfiles more than 18,000 men and women from all eras and from all walks of life who have helped shape American culture and history.
=530  \\$aAlso available in printed form.
=538  \\$aMode of access: World Wide Web.
=651  \0$aUnited States$vBiography$vDictionaries.
=710  2\$aAmerican Council of Learned Societies.
=856  40$uhttp://www.anb.org$zFor subscribers only; BL Reading Room access
=852  41$aBritish Library$bHMNTS$je-media
=985  \\$aRecord merged by DQ team
=CAT  \\$aCONV$b00$c20040425$lBLL90$h0723
=CAT  \\$aCONV$b00$c20040502$lBLL01$h1343
=CAT  \\$a6550$b40$c20051114$lBLL01$h1446
=CAT  \\$a11316$b40$c20051230$lBLL01$h1443
=CAT  \\$aglobal_upd$b40$c20060417$lBLL01$h1720
=CAT  \\$aBATCH$b00$c20091122$lBLL01$h1301
=CAT  \\$aBATCH-UPD$b00$c20131021$lBLL01$h1141
=CAT  \\$aWR14_140$c20140905$lBLL01$h1739
=CAT  \\$aW2306-1299$c20230622$lBLL01$h1652
=FIN  \\$aY
=LEO  \\$aMP5.0000020873
=LEO  \\$aMP13.0000236945
=LEO  \\$aMP22.0000064221
=SRC  \\$aBNB03$bbibmp5.200404.2.aa
=SRC  \\$aHSS01$bbibmp13.200404.2.aa
=SRC  \\$aISN01$bbibmp22.200404.2.aa
=SRC  \\$aDSS02$bbibh.200404.2.aa
=STA  \\$aSUPPRESSED$bDatabase
=TCO  \\$aCLA$bCLA$c008
=LAS  \\$aW2306-1299$b00$c20230622$lBLL01$h1652

