=LDR  01996 as a2200553 a 4500
=001  009918013
=003  Uk
=005  20051229105021.0
=007  c|||||
=008  031104c20009999enkmr|p|s|\\\\0\\\|0eng\\
=FMT  \\$a  SE
=015  \\$aGBA328602$2bnb
=019  y\$abA328602
=019  9\$abA328602
=019  1\$abA328602
=039  0\$a2767
=040  \\$aUk$cUk$dUk
=082  04$a016.3005$221
=245  00$aApplied social sciences index and abstracts$h[electronic resources] :$bASSIA.
=246  3\$aASSIA
=260  \\$a[Bethesda, Md. ;$aEast Grinstead] :$bCSA.
=310  \\$aUpdated monthly
=336  \\$atext$2rdacontent
=337  \\$acomputer$2rdamedia
=500  \\$aTitle from database selection list (viewed on 9 Apr., 2003)
=520  \\$aAn indexing and abstracting tool covering health, social services, economics, politics, race relations, and education. Dates of coverage: 1987 - current.
=530  \\$aAlso available in print and CD-ROM formats.
=538  \\$aMode of access: World Wide Web.
=650  \0$aSocial sciences$vAbstracts.
=650  \0$aSocial sciences$xPeriodicals$vIndexes.
=710  2\$aCambridge Scientific Abstracts, Inc.
=856  40$uhttp://www.csa1.co.uk/csa/ids/ids-main.shtml$zFor subscribers only, requires username and password; BL Reading Room access
=852  41$aBritish Library$bHMNTS$je-media
=985  \\$aRecord merged by DQ team
=CAT  \\$aCONV$b00$c20040425$lBLL90$h0723
=CAT  \\$aCONV$b00$c20040502$lBLL01$h1343
=CAT  \\$a6550$b40$c20051229$lBLL01$h1050
=CAT  \\$a11306$b40$c20061010$lBLL01$h0847
=CAT  \\$aBATCH-UPD$b40$c20131021$lBLL01$h1141
=CAT  \\$aWR14_140$c20140905$lBLL01$h1739
=FIN  \\$aY
=LEO  \\$aMP5.0000020926
=LEO  \\$aMP13.0000236985
=SRC  \\$aDSS03$bbibsr.200404.2.aa
=SRC  \\$aBNB03$bbibmp5.200404.2.aa
=SRC  \\$aHSS01$bbibmp13.200404.2.aa
=STA  \\$aSUPPRESSED$bDatabase
=TCO  \\$aCLA$bCLA$c008
=LAS  \\$aWR14_140$b00$c20140905$lBLL01$h1739

