=LDR  02416 as a2200601 a 4500
=001  009918018
=003  Uk
=005  20071004140931.0
=007  c|||||
=008  040226c199u9999xxuzr\p|s|\\\\0\\\a0eng\\
=FMT  \\$a  SE
=015  \\$aGBA328649$2bnb
=019  y\$abA328649
=019  9\$abA328649
=019  1\$abA328649
=022  0\$a1528-3461
=039  0\$a2782
=040  \\$aUk$cUk$dUk
=082  04$a016.7$221
=222  \0$aARTbibliographies modern$b(Online)
=245  00$aARTbibliographies modern$h[electronic resource].
=246  3\$aArt bibliographies modern
=260  \\$aOxford (4640 Kingsgate, Cascade Way, Oxford Business Park South, Oxford, OX4 2ST) :$bCSA Internet Database Service.
=310  \\$aUpdated six times a year
=336  \\$atext$2rdacontent
=337  \\$acomputer$2rdamedia
=500  \\$aTitle from title screen (viewed on 10 Apr., 2003).
=520  \\$aFull abstracts of journal articles, books, essays, exhibition catalogues, PhD dissertations, and exhibition reviews on modern and contemporary art, including photography and design. Entries date back as far as the late 1960s. Date of coverage: 1974 -
=530  \\$aAlso available in print and CD-ROM formats.
=538  \\$aMode of access: World Wide Web.
=650  \0$aArt, Modern$y20th century$vAbstracts$vPeriodicals.
=650  \0$aArt, Modern$y20th century$vIndexes$vPeriodicals.
=710  2\$aCambridge Scientific Abstracts, Inc.$bInternet Database Service.
=856  40$uhttp://www.csa1.co.uk/csa/ids/ids-main.shtml$zFor subscribers only, requires username and password, follow links to resource ; BL Reading Room access
=852  41$aBritish Library$bHMNTS$je-media
=985  \\$aRecord merged by DQ team
=CAT  \\$aCONV$b00$c20040425$lBLL90$h0723
=CAT  \\$aCONV$b00$c20040502$lBLL01$h1343
=CAT  \\$a6550$b40$c20051114$lBLL01$h1330
=CAT  \\$a6550$b40$c20051114$lBLL01$h1331
=CAT  \\$a11306$b40$c20061010$lBLL01$h0849
=CAT  \\$a11279$b40$c20071004$lBLL01$h1409
=CAT  \\$aBATCH-UPD$b40$c20131021$lBLL01$h1141
=CAT  \\$aWR14_140$c20140905$lBLL01$h1739
=FIN  \\$aY
=LEO  \\$aMP5.0000020935
=LEO  \\$aMP13.0000236990
=SRC  \\$aDSS02$bbibh.200404.2.aa
=SRC  \\$aBNB03$bbibmp5.200404.2.aa
=SRC  \\$aHSS01$bbibmp13.200404.2.aa
=STA  \\$aSUPPRESSED$bDatabase
=TCO  \\$aTRS$bCCC$c008
=LAS  \\$aWR14_140$b00$c20140905$lBLL01$h1739

