=LDR  02363 as a2200589 a 4500
=001  009918022
=003  Uk
=005  20051229135407.0
=007  c|||||
=008  040227c199u9999enkqr|p|s|\\\\0\\\|0eng\\
=FMT  \\$a  SE
=015  \\$aGBA328743$2bnb
=019  y\$abA328743
=019  9\$abA328743
=019  1\$abA328743
=039  0\$a2782
=040  \\$aUk$cUk$dUk
=041  0\$aeng$bmul
=082  04$a301$221
=130  0\$aSociological abstracts (Online)
=245  10$aSociological abstracts$h[electronic resource].
=260  \\$a[San Diego, Calif. ;$aOxford (4640 Kingsgate, Cascade Way, Oxford Business Park South, Oxford, OX4 2ST) :$bCambridge Scientific Abstracts]
=310  \\$aUpdated quarterly
=336  \\$atext$2rdacontent
=337  \\$acomputer$2rdamedia
=500  \\$aDatabase runs on SilverPlatter's WebSPIRS platform.
=500  \\$aTitle from database selection screen (viewed on 30 May 2003)
=520  \\$aContains information from approx. 2500 journals in 30 different languages from about 55 countries. It covers sociology and related disciplines by including bibliographic citations, abstracts and enhanced dissertation citations from Dissertation Abstracts International. Coverage: 1963-
=530  \\$aAlso available in print and CD-ROM formats.
=538  \\$aMode of access: World Wide Web.
=650  \0$aSociology$vAbstracts.
=650  \0$aSocial sciences$vAbstracts.
=650  \0$aHuman services$vAbstracts.
=710  2\$aCambridge Scientific Abstracts, Inc.
=856  40$uhttp://web5.silverplatter.com/webspirs/start$zFor subscribers only, requires username and password, follow links to resource; BL Reading Room access
=852  41$aBritish Library$bHMNTS$je-media
=985  \\$aRecord merged by DQ team
=CAT  \\$aCONV$b00$c20040425$lBLL90$h0723
=CAT  \\$aCONV$b00$c20040502$lBLL01$h1343
=CAT  \\$a6550$b40$c20051229$lBLL01$h1354
=CAT  \\$a11306$b40$c20061010$lBLL01$h0847
=CAT  \\$aBATCH-UPD$b40$c20131021$lBLL01$h1141
=CAT  \\$aWR14_140$c20140905$lBLL01$h1739
=FIN  \\$aY
=LEO  \\$aMP5.0000020943
=LEO  \\$aMP13.0000236994
=SRC  \\$aDSS03$bbibsr.200404.2.aa
=SRC  \\$aBNB03$bbibmp5.200404.2.aa
=SRC  \\$aHSS01$bbibmp13.200404.2.aa
=STA  \\$aSUPPRESSED$bDatabase
=TCO  \\$aCLA$bCLA$c008
=LAS  \\$aWR14_140$b00$c20140905$lBLL01$h1739

