=LDR  03198 ai a2200709 a 4500
=001  009918036
=003  Uk
=005  20081215141221.0
=006  m\\\\\\\\e\\\\\\\\
=007  cr\|||||||||||
=008  031106c199u9999xxuwr\d\s\i\\\0\\\a2eng\\
=FMT  \\$a  SE
=015  \\$aGBA328920$2bnb
=019  y\$abA328920
=019  9\$abA328920
=019  1\$abA328920
=039  0\$a2767
=040  \\$aUk$cUk$dUk
=042  \\$aukblsr
=082  04$a016.7205$221
=130  0\$aAvery index to architectural periodicals (Online)
=245  10$aAvery index to architectural periodicals$h[electronic resource].
=260  \\$a[Los Angeles, CA :$bGetty Research Institute]
=310  \\$aUpdated weekly
=336  \\$atext$2rdacontent
=337  \\$acomputer$2rdamedia
=338  \\$aonline resource$2rdacarrier
=500  \\$aTitle from quick search form (CSA illumina, viewed on Dec. 15, 2008).
=520  \\$aComprehensive listing of journal articles on architecture and design, including the history and practice of architecture, landscape architecture, city planning, historic preservation, and interior design and decoration. The American and international journals indexed include not only scholarly and popular periodical literature, but also publications of professional associations, American state and regional periodicals, and the major serials on architecture and design of Europe, Asia, Latin America, and Australia. Coverage is mainly from 1934 to the present, with selective coverage back to 1741.
=530  \\$aAlso available in print and CD-ROM formats.
=538  \\$aMode of access: World Wide Web.
=550  \\$a"Supplier Getty Research Institute" - about screen.
=650  \0$aArchitecture$xPeriodicals$vIndexes.
=650  \0$aInterior decoration$xPeriodicals$vIndexes.
=650  \0$aCity planning$xPeriodicals$vIndexes.
=650  \0$aLandscape architecture$xPeriodicals$vIndexes.
=710  2\$aGetty Research Institute.
=710  2\$aAvery Library.
=856  40$uhttp://uk1.csa.com$zFor subscribers only, requires user name and password; BL Reading Room access
=886  2\$2ukmarc$a910$b20$aRLG$xSee$aResearch Libraries Group$z710
=886  2\$2ukmarc$a910$b20$aColumbia University$cAvery Library$xSee$aAvery Library$z710/1
=886  2\$2ukmarc$a910$b20$aAvery Architectural Library$xSee$aAvery Library$z710/1
=852  41$aBritish Library$bHMNTS$je-media
=CAT  \\$aCONV$b00$c20040425$lBLL90$h0723
=CAT  \\$aCONV$b00$c20040502$lBLL01$h1343
=CAT  \\$a3072$b40$c20081211$lBLL01$h1655
=CAT  \\$a3072$b40$c20081211$lBLL01$h1656
=CAT  \\$a3072$b40$c20081211$lBLL01$h1657
=CAT  \\$a3072$b40$c20081211$lBLL01$h1719
=CAT  \\$a3072$b40$c20081212$lBLL01$h1234
=CAT  \\$a3072$b40$c20081215$lBLL01$h1412
=CAT  \\$aBATCH$b00$c20091209$lBLL01$h2357
=CAT  \\$aBATCH-UPD$b00$c20131021$lBLL01$h1141
=CAT  \\$aWR14_140$c20140905$lBLL01$h1739
=FIN  \\$aY
=LEO  \\$aMP5.0000020963
=LEO  \\$aMP13.0000237008
=SRC  \\$aBNB03$bbibmp5.200404.2.aa
=SRC  \\$aHSS01$bbibmp13.200404.2.aa
=STA  \\$aSUPPRESSED$bDatabase
=TCO  \\$aTRS$bCCC$c008
=LAS  \\$aWR14_140$b00$c20140905$lBLL01$h1739

