=LDR  02688 ai a2200697 a 4500
=001  009918076
=003  Uk
=005  20081211162719.0
=006  m\\\\\\\\e\\\\\\\\
=007  cr||||||||||||
=008  030602c199u9999xxudr\d\s\\\\\0\\\a2eng\\
=FMT  \\$a  SE
=015  \\$aGBA330092$2bnb
=019  y\$abA330092
=019  9\$abA330092
=019  1\$abA330092
=039  0\$a2783
=040  \\$aUk$cUk$dUk
=042  \\$aukblsr
=082  04$a016.700294$221
=245  00$aSCIPIO$h[electronic resource] :$bart and rare book sales catalogs.
=246  3\$aArt and rare book sales catalogs
=260  \\$a[Dublin, Ohio] :$bOCLC
=310  \\$aUpdated daily
=336  \\$atext$2rdacontent
=337  \\$acomputer$2rdamedia
=338  \\$aonline resource$2rdacarrier
=500  \\$aPart of OCLC FirstSearch.
=500  \\$aTitle from search screen (last viewed Oct. 1, 2007).
=520  \\$aInternational union catalogue describing art auction and rare book catalogues for sales from the late sixteenth century to scheduled auctions not yet held. Sales catalogues described relate primarily to sales at auction throughout Europe and North America.
=538  \\$aMode of access: World Wide Web.
=550  \\$aIssued by the Research Libraries Group <1995-Sept. 30, 2007>.
=650  \0$aArt auctions$vBibliography$vUnion lists.
=650  \0$aBook auctions$vBibliography$vUnion lists.
=650  \0$aArt auctions$zNorth America$xCatalogs$vIndexes.
=650  \0$aArt auctions$zEurope$xCatalogs$vIndexes.
=650  \0$aBook auctions$zNorth America$xCatalogs$vIndexes.
=650  \0$aBook auctions$zEurope$xCatalogs$vIndexes.
=710  2\$aResearch Libraries Group.
=710  2\$aOCLC.
=730  0\$aOCLC FirstSearch.
=856  40$uhttp://www.oclc.org/firstsearch/$zFor subscribers only; BL Reading Room access
=856  40$uhttp://eureka.rlg.ac.uk$zNo longer links to resource as of Oct. 2007
=886  2\$2ukmarc$a910$b20$aRLG$xSee$aResearch Libraries Group$z710
=852  41$aBritish Library$bHMNTS$je-media
=CAT  \\$aCONV$b00$c20040425$lBLL90$h0723
=CAT  \\$aCONV$b00$c20040502$lBLL01$h1343
=CAT  \\$a3072$b40$c20081211$lBLL01$h1620
=CAT  \\$a3072$b40$c20081211$lBLL01$h1626
=CAT  \\$a3072$b40$c20081211$lBLL01$h1627
=CAT  \\$aBATCH$b00$c20091209$lBLL01$h2357
=CAT  \\$aBATCH-UPD$b00$c20131021$lBLL01$h1141
=CAT  \\$aWR14_140$c20140905$lBLL01$h1739
=FIN  \\$aY
=LEO  \\$aMP5.0000021096
=LEO  \\$aMP13.0000237048
=SRC  \\$aBNB03$bbibmp5.200404.2.aa
=SRC  \\$aHSS01$bbibmp13.200404.2.aa
=STA  \\$aSUPPRESSED$bDatabase
=TCO  \\$aTRS$bCCC$c008
=LAS  \\$aWR14_140$b00$c20140905$lBLL01$h1739

