=LDR  02184 as a2200589 a 4500
=001  009918089
=003  Uk
=005  20080103143234.0
=006  m\\\\\\\\d\\\\\\\\
=007  cr||||||||||||
=008  030602c199u9999stk|||p|s|\\\\0\\\|0eng\\
=FMT  \\$a  SE
=015  \\$aGBA330368$2bnb
=019  y\$abA330368
=019  9\$abA330368
=019  1\$abA330368
=039  0\$a2782
=040  \\$aUk$cUk$dUk
=082  04$a306.09411$221
=245  00$aSCRAN online$h[electronic resource].
=260  \\$aEdinburgh (Abden House, 1 Marshall St., Edinburgh, EH16 5HP) :$bSCRAN.
=336  \\$atext$2rdacontent
=337  \\$acomputer$2rdamedia
=338  \\$aonline resource$2rdacarrier
=500  \\$aTitle from search screen (viewed on 17 Apr., 2003)
=520  \\$aA fully searchable resource base for the study, teaching, and appreciation of history and material culture in Scotland. SCRAN works with museums, galleries, archives and universities to digitise selected parts of their collections.
=538  \\$aMode of access: World Wide Web.
=651  \0$aScotland$xCivilization$vDatabases.
=651  \0$aScotland$xHistory$vDatabases.
=710  2\$aScottish Cultural Resources Access Network.
=856  40$uhttp://www.scran.ac.uk$zFor subscribers only; No longer held
=852  41$aBritish Library$bHMNTS$je-media
=985  \\$aRecord merged by DQ team
=CAT  \\$aCONV$b00$c20040425$lBLL90$h0723
=CAT  \\$aCONV$b00$c20040502$lBLL01$h1343
=CAT  \\$a6550$b40$c20051228$lBLL01$h1335
=CAT  \\$a11279$b40$c20070607$lBLL01$h1533
=CAT  \\$a3072$b40$c20080102$lBLL01$h1734
=CAT  \\$a3072$b40$c20080103$lBLL01$h1432
=CAT  \\$aBATCH-UPD$b40$c20131021$lBLL01$h1141
=CAT  \\$aWR14_140$c20140905$lBLL01$h1739
=CAT  \\$aW1711-1225$c20171203$lBLL01$h1019
=FIN  \\$aY
=LEO  \\$aMP5.0000021113
=LEO  \\$aMP13.0000237061
=SRC  \\$aDSS02$bbibh.200404.2.aa
=SRC  \\$aBNB03$bbibmp5.200404.2.aa
=SRC  \\$aHSS01$bbibmp13.200404.2.aa
=STA  \\$aSUPPRESSED$bunable to determine reason for suppression
=STA  \\$aSUPPRESSED$bDatabase
=TCO  \\$aCLA$bCLA$c008
=LAS  \\$aW1711-1225$b00$c20171203$lBLL01$h1019

