=LDR  02033 as a2200517ua 4500
=001  009918129
=003  Uk
=005  20140905173900.0
=007  c|||||
=008  030828c199u9999enkqr|p|s|b\\\0\\\|0eng\\
=FMT  \\$a  SE
=015  \\$aGBA330997$2bnb
=019  y\$abA330997
=019  9\$abA330997
=019  1\$abA330997
=039  0\$a2757
=040  \\$aUk$cUk
=082  04$a016.98$221
=245  00$aHandbook of Latin American studies$h[electronic resource].
=260  \\$a[United States ;$aGreat Britain] :$bResearch Libraries Group.
=310  \\$aUpdated quarterly
=336  \\$atext$2rdacontent
=337  \\$acomputer$2rdamedia
=500  \\$aTitle from title screen (viewed 24 Apr. 2003)
=520  \\$aBibliography evaluating books, book chapters, articles and conference proceedings published worldwide in the field of Latin American studies. By the Hispanic Division, Library of Congress, the online records correspond to the print version from v. 50. The database is multilingual and multidisciplinary.
=530  \\$aAlso available in print and CD-ROM formats.
=538  \\$aMode of access: World Wide Web.
=651  \0$aLatin America$vBibliography$vPeriodicals.
=710  2\$aResearch Libraries Group.
=710  2\$aLibrary of Congress.$bHispanic Division.
=856  40$uhttp://eureka.rlg.ac.uk$zFor subscribers only, requires account and password; BL Reading Room access
=886  2\$2ukmarc$a910$b20$aRLG$xSee$aResearch Libraries Group$z710
=852  41$aBritish Library$bHMNTS$je-media
=CAT  \\$aCONV$b00$c20040425$lBLL90$h0723
=CAT  \\$aCONV$b00$c20040502$lBLL01$h1343
=CAT  \\$aBATCH$b00$c20091122$lBLL01$h1301
=CAT  \\$aBATCH-UPD$b00$c20131021$lBLL01$h1141
=CAT  \\$aWR14_140$c20140905$lBLL01$h1739
=FIN  \\$aY
=LEO  \\$aMP5.0000021195
=LEO  \\$aMP13.0000237101
=SRC  \\$aBNB03$bbibmp5.200404.2.aa
=SRC  \\$aHSS01$bbibmp13.200404.2.aa
=STA  \\$aSUPPRESSED$bDatabase
=TCO  \\$aCLA$bCLA$c008
=LAS  \\$aWR14_140$b00$c20140905$lBLL01$h1739

