=LDR  01897 as a2200529ua 4500
=001  009918137
=003  Uk
=005  20140905173900.0
=007  c|||||
=008  031106c20029999enkmr|p|s|a\\\0\\\|0eng\\
=FMT  \\$a  SE
=015  \\$aGBA331040$2bnb
=019  y\$abA331040
=019  9\$abA331040
=019  1\$abA331040
=039  0\$a2767
=040  \\$aUk$cUk
=082  04$a020.72$221
=130  0\$aInformation research watch international (Online)
=245  00$aInformation research watch international$h[electronic resource] :$bIRWI.
=246  3\$aIRWI
=260  \\$aEast Grinstead (3rd Floor, Farrington House, Wood St., East Grinstead, W. Sussex RH19 1UZ) :$bCSA.
=310  \\$aUpdated monthly
=336  \\$atext$2rdacontent
=337  \\$acomputer$2rdamedia
=500  \\$aTitle from main menu screen (viewed 24 Apr. 2002)
=500  \\$aBegan in 2002?.
=520  \\$aIRWI reports new, ongoing and completed research in information and library science and related fields from around the world. 1980-
=530  \\$aAlso available in print format.
=538  \\$aMode of access: World Wide Web.
=650  \0$aLibrary science$xResearch$vAbstracts$vPeriodicals.
=650  \0$aInformation science$xResearch$vAbstracts$vPeriodicals.
=856  40$uhttp://sun5.csa1.co.uk$zFor subscribers only; BL Reading Room access
=852  41$aBritish Library$bHMNTS$je-media
=CAT  \\$aCONV$b00$c20040425$lBLL90$h0723
=CAT  \\$aCONV$b00$c20040502$lBLL01$h1343
=CAT  \\$aBATCH$b00$c20091122$lBLL01$h1301
=CAT  \\$aBATCH-UPD$b00$c20131021$lBLL01$h1141
=CAT  \\$aWR14_140$c20140905$lBLL01$h1739
=FIN  \\$aY
=LEO  \\$aMP5.0000021203
=LEO  \\$aMP13.0000237109
=SRC  \\$aBNB03$bbibmp5.200404.2.aa
=SRC  \\$aHSS01$bbibmp13.200404.2.aa
=STA  \\$aSUPPRESSED$bDatabase
=TCO  \\$aCLA$bCLA$c008
=LAS  \\$aWR14_140$b00$c20140905$lBLL01$h1739

