=LDR  03215 ai a2200697 a 4500
=001  009918145
=003  Uk
=005  20081215133455.0
=006  m\\\\\\\\e\\\\\\\\
=007  cr||||||||||||
=008  030828c199u9999xxumr\d\s\\\\\0\\\a2eng\\
=FMT  \\$a  SE
=015  \\$aGBA331114$2bnb
=019  y\$abA331114
=019  9\$abA331114
=019  1\$abA331114
=039  0\$a2757
=040  \\$aUk$cUk{dollar}dUk
=042  \\$aukblsr
=082  04$a016.0013$221
=245  00$aFRANCIS$h[electronic resource] :$bhumanities & social sciences.
=260  \\$aDublin, Ohio :$bOCLC,
=310  \\$aUpdated monthly
=336  \\$atext$2rdacontent
=337  \\$acomputer$2rdamedia
=338  \\$aonline resource$2rdacarrier
=500  \\$aPart of OCLC FirstSearch.
=500  \\$aTitle from search screen (viewed on Dec. 15, 2008).
=500  \\$a"File sources: Institut de l'Information Scientifique et Technique du Centre National de la Recherche Scientifique (INIST-CNRS), Getty Information Institute (GII)."
=520  \\$aIndexes multilingual, multidisciplinary information published in over 4,200 journals covering the Humanities (67%), social sciences (30%), and economics (3%). The database is strong in religion, the history of art, psychology, and literature (with particular emphasis on current trends in European and world literature). It contains bilingual (English - French) subject descriptors, and has abstracts in 80% of the records. FRANCIS represents a wide range of materials, including serials, journal articles, books, book chapters, conference papers, French dissertations, exhibition catalogues, legislation, teaching materials, and reports.
=530  \\$aAlso available on CD-ROM and in print.
=538  \\$aMode of access: World Wide Web.
=550  \\$aMade available until Sept. 2007 by the Research Libraries Group.
=650  \0$aHumanities$vIndexes$vPeriodicals.
=650  \0$aHumanities$vAbstracts$vPeriodicals.
=650  \0$aSocial sciences$vIndexes$vPeriodicals.
=650  \0$aSocial sciences$vAbstracts$vPeriodicals.
=710  2\$aInstitut de l'information scientifique et technique (France)
=710  2\$aGetty Information Institute.
=710  2\$aResearch Libraries Group.
=710  2\$aOCLC.
=730  0\$aOCLC FirstSearch.
=856  40$uhttp://www.oclc.org/firstsearch/$zFor subscribers only, requires account and password; BL Reading Room access
=856  40$uhttp://eureka.rlg.ac.uk$zNo longer links to resource as of Oct. 2007
=886  2\$2ukmarc$a910$b20$aRLG$xSee$aResearch Libraries Group$z710
=852  41$aBritish Library$bHMNTS$je-media
=CAT  \\$aCONV$b00$c20040425$lBLL90$h0723
=CAT  \\$aCONV$b00$c20040502$lBLL01$h1343
=CAT  \\$a3072$b40$c20081215$lBLL01$h1327
=CAT  \\$a3072$b40$c20081215$lBLL01$h1334
=CAT  \\$aBATCH$b00$c20091209$lBLL01$h2357
=CAT  \\$aBATCH-UPD$b00$c20131021$lBLL01$h1141
=CAT  \\$aWR14_140$c20140905$lBLL01$h1739
=FIN  \\$aY
=LEO  \\$aMP5.0000021215
=LEO  \\$aMP13.0000237117
=SRC  \\$aBNB03$bbibmp5.200404.2.aa
=SRC  \\$aHSS01$bbibmp13.200404.2.aa
=STA  \\$aSUPPRESSED$bDatabase
=TCO  \\$aTRS$bCCC$c008
=LAS  \\$aWR14_140$b00$c20140905$lBLL01$h1739

