=LDR  01939 as a2200529ua 4500
=001  009918163
=003  Uk
=005  20140905173900.0
=006  a|||||||||||||||p|
=007  c|||||
=008  030828c19999999enk|||p|s|\\\\0\\\|0eng\\
=FMT  \\$a  SE
=015  \\$aGBA331997$2bnb
=019  y\$abA331997
=019  9\$abA331997
=019  1\$abA331997
=039  0\$a2757
=040  \\$aUk$cUk
=082  04$a821.9108$221
=245  04$aThe Faber poetry library$h[electronic resource].
=260  \\$a[Cambridge :$bChadwyck-Healey]
=336  \\$atext$2rdacontent
=337  \\$acomputer$2rdamedia
=500  \\$aAvailable as part of Literature online.
=500  \\$aTitle from title bar (viewed 25 Apr. 2003)
=500  \\$aBegan in 1999?.
=520  \\$aCollection of some of the most influential poets of the 20th century. The Faber list spans the 70 year history of this major publishing house and includes the poetry of James Joyce, Siegfried Sassoon, T.S. Eliot, Ted Hughes, Sylvia Plath and Seamus Heaney.
=530  \\$aIndividual volumes also available in print format.
=538  \\$aMode of access: World Wide Web.
=650  \0$aEnglish poetry$y20th century.
=650  \0$aEnglish poetry$xIrish authors.
=740  0\$aLiterature online.
=856  40$uhttp://collections.chadwyck.co.uk$zFor subscribers only, follow links to resource; BL Reading Room access
=852  41$aBritish Library$bHMNTS$je-media
=CAT  \\$aCONV$b00$c20040425$lBLL90$h0723
=CAT  \\$aCONV$b00$c20040502$lBLL01$h1343
=CAT  \\$aBATCH$b00$c20091122$lBLL01$h1301
=CAT  \\$aBATCH-UPD$b00$c20131021$lBLL01$h1142
=CAT  \\$aWR14_140$c20140905$lBLL01$h1739
=FIN  \\$aY
=LEO  \\$aMP5.0000021371
=LEO  \\$aMP13.0000237137
=SRC  \\$aBNB03$bbibmp5.200404.2.aa
=SRC  \\$aHSS01$bbibmp13.200404.2.aa
=STA  \\$aSUPPRESSED$bDatabase
=TCO  \\$aCLA$bCLA$c008
=LAS  \\$aWR14_140$b00$c20140905$lBLL01$h1739

