=LDR  02012 as a2200517ua 4500
=001  009918552
=003  Uk
=005  20140905174000.0
=006  a|||||||||||||||p|
=007  c|||||
=008  040227c199u9999enk|||p|s|d\\\0\\\|0eng\\
=FMT  \\$a  SE
=015  \\$aGBA340501$2bnb
=019  y\$abA340501
=019  9\$abA340501
=019  1\$abA340501
=039  0\$a2782
=040  \\$aUk$cUk
=082  04$a423$221
=245  00$aWebster's unabridged$h[electronic resource].
=246  3\$aWebster's unabridged dictionary
=260  \\$a[Cambridge :$bChadwyck-Healey]
=336  \\$atext$2rdacontent
=337  \\$acomputer$2rdamedia
=500  \\$aTitle from search screen (viewed on 2 June 2003). HTML header title: Webster's unabridged dictionary.
=520  \\$a1993 edition of Webster's dictionary of the English language, containing over 450,000 vocabulary entries. Published in electronic form for the first time, it contains updates to take account of current usage.
=530  \\$aAlso available in print format.
=538  \\$aMode of access: World Wide Web.
=580  \\$aElectronic version of: Webster's third new international dictionary, abridged. Springfield, Mass. : Merriam-Webster, 1993.
=650  \0$aEnglish language$vDictionaries.
=740  0\$aWebster's third new international dictionary, abridged.
=856  40$uhttp://collections.chadwyck.co.uk$zFor subcribers only, follow links to resource; BL Reading Room access
=852  41$aBritish Library$bHMNTS$je-media
=CAT  \\$aCONV$b00$c20040425$lBLL90$h0723
=CAT  \\$aCONV$b00$c20040502$lBLL01$h1343
=CAT  \\$aBATCH$b00$c20091122$lBLL01$h1301
=CAT  \\$aBATCH-UPD$b00$c20131021$lBLL01$h1142
=CAT  \\$aWR14_140$c20140905$lBLL01$h1740
=FIN  \\$aY
=LEO  \\$aMP5.0000022490
=LEO  \\$aMP13.0000237564
=SRC  \\$aBNB03$bbibmp5.200404.2.aa
=SRC  \\$aHSS01$bbibmp13.200404.2.aa
=STA  \\$aSUPPRESSED$bDatabase
=TCO  \\$aCLA$bCLA$c008
=LAS  \\$aWR14_140$b00$c20140905$lBLL01$h1740

