=LDR  02152 as a2200553 a 4500
=001  009918568
=003  Uk
=005  20051116143807.0
=006  a|||||||||||||||p|
=007  c|||||
=008  040226c199u9999enk|||p|s|\\\\0\\\a0eng\\
=FMT  \\$a  SE
=015  \\$aGBA340652$2bnb
=019  y\$abA340652
=019  9\$abA340652
=019  1\$abA340652
=039  0\$a2782
=040  \\$aUk$cUk$dUk
=082  04$a822.33$221
=245  00$aEditions and adaptations of Shakespeare (1591-1911)$h[electronic resource].
=260  \\$a[Cambridge :$bChadwyck-Healey]
=336  \\$atext$2rdacontent
=337  \\$acomputer$2rdamedia
=500  \\$aAvailable as part of Literature online.
=500  \\$aTitle from title bar (viewed on 25 Apr. 2003)
=520  \\$aContains 11 major editions from the First Folio of 1623 to the Cambridge edition of 1863-6; 28 separate contemporary printings of individual plays and poems; selected apocrypha and related works; more than 100 adaptations, sequels, burlesques, etc. from the 17th, 18th, and 19th centuries.
=538  \\$aMode of access: World Wide Web.
=600  14$aShakespeare, William,$d1564-1616$vDrama$vPeriodicals.
=600  14$aShakespeare, William,$d1564-1616$vAdaptations$vPeriodicals.
=600  14$aShakespeare, William,$d1564-1616$vPeriodicals.
=600  14$aShakespeare, William,$d1564-1616$xStage history$vPeriodicals.
=740  0\$aLiterature online.
=856  40$uhttp://collections.chadwyck.co.uk$zFor subcribers only; BL Reading Room access
=852  41$aBritish Library$bHMNTS$je-media
=985  \\$aRecord merged by DQ team
=CAT  \\$aCONV$b00$c20040425$lBLL90$h0723
=CAT  \\$aCONV$b00$c20040502$lBLL01$h1343
=CAT  \\$a6550$b40$c20051116$lBLL01$h1438
=CAT  \\$aBATCH-UPD$b40$c20131021$lBLL01$h1141
=CAT  \\$aWR14_140$c20140905$lBLL01$h1740
=FIN  \\$aY
=LEO  \\$aMP5.0000022509
=LEO  \\$aMP13.0000237580
=SRC  \\$aDSS02$bbibh.200404.2.aa
=SRC  \\$aBNB03$bbibmp5.200404.2.aa
=SRC  \\$aHSS01$bbibmp13.200404.2.aa
=STA  \\$aSUPPRESSED$bDatabase
=TCO  \\$aCLA$bCLA$c008
=LAS  \\$aWR14_140$b00$c20140905$lBLL01$h1740

