=LDR  02201 as a2200625 a 4500
=001  009918572
=003  Uk
=005  20051115135855.0
=006  a|||||||||||||||p|
=007  c|||||
=008  031103c199u9999enkmr|p|s|i\\\0\\\a0eng\\
=FMT  \\$a  SE
=015  \\$aGBA340698$2bnb
=019  y\$abA340698
=019  9\$abA340698
=019  1\$abA340698
=022  0\$a1528-3437$y0002-7065
=039  0\$a2767
=040  \\$aUk$cUk$dUk
=082  04$a973.05$221
=210  0\$aAm. hist. life$b(Online)
=222  \0$aAmerica, history and life$b(Online)
=245  00$aAmerica, history and life$h[electronic resource].
=260  \\$a[Santa Barbara, Calif. ;$aOxford] :$bABC-CLIO.
=310  \\$aUpdated monthly
=336  \\$atext$2rdacontent
=337  \\$acomputer$2rdamedia
=500  \\$aTitle from ABC-CLIO History Online home page (viewed on 3 June 2003)
=520  \\$aHistorical coverage of the United States and Canada from prehistory to the present. Article abstracts and bibliographical citations of books and dissertations.
=530  \\$aAlso available in print and CD-ROM formats.
=538  \\$aMode of access: via Internet.
=651  \0$aUnited States$xHistory$vIndexes.
=651  \0$aUnited States$xHistory$vAbstracts.
=651  \0$aCanada$xHistory$vIndexes.
=651  \0$aCanada$xHistory$vAbstracts.
=856  40$uhttp://serials.abc-clio.com$zFor subcribers only; BL Reading Room access
=852  41$aBritish Library$bHMNTS$je-media
=985  \\$aRecord merged by DQ team
=CAT  \\$aCONV$b00$c20040425$lBLL90$h0723
=CAT  \\$aCONV$b00$c20040502$lBLL01$h1343
=CAT  \\$a6550$b40$c20051115$lBLL01$h1217
=CAT  \\$a6550$b40$c20051115$lBLL01$h1356
=CAT  \\$a6550$b40$c20051115$lBLL01$h1357
=CAT  \\$a6550$b40$c20051115$lBLL01$h1358
=CAT  \\$aBATCH-UPD$b40$c20131021$lBLL01$h1141
=CAT  \\$aWR14_140$c20140905$lBLL01$h1740
=FIN  \\$aY
=LEO  \\$aMP5.0000022516
=LEO  \\$aMP13.0000237584
=SRC  \\$aDSS02$bbibh.200404.2.aa
=SRC  \\$aBNB03$bbibmp5.200404.2.aa
=SRC  \\$aHSS01$bbibmp13.200404.2.aa
=STA  \\$aSUPPRESSED$bDatabase
=TCO  \\$aCLA$bCLA$c008
=LAS  \\$aWR14_140$b00$c20140905$lBLL01$h1740

