=LDR  02238 as a2200565 a 4500
=001  009918594
=003  Uk
=005  20131112132457.0
=007  c|||||
=008  040227d19uu201uenk|||p|s|ab\\0\\\|0mul\\
=FMT  \\$a  SE
=015  \\$aGBA341187$2bnb
=019  y\$abA341187
=019  9\$abA341187
=019  1\$abA341187
=039  0\$a2782
=040  \\$aUk$cUk$dUk
=082  04$a300$221
=245  00$aSocial sciences full text$h[electronic resource].
=246  1\$iAlso known as:$aSocial sciences index fulltext
=260  \\$a[New York ;$aLondon] (Merlin House, 20 Belmont Terrace, Chiswick, W4 5UG]) :$bOvid Technologies.
=336  \\$atext$2rdacontent
=337  \\$acomputer$2rdamedia
=500  \\$aDatabase runs on SilverPlatter's WebSPIRS platform.
=500  \\$aProduced by: H.W. Wilson Company.
=500  \\$aTitle from database selection screen (viewed 4 June 2003).
=520  \\$aThe database indexes and abstracts articles from more than 415 English-language periodicals plus the full text of over 115 of those periodicals. Coverage includes a wide range of interdisciplinary fields. Coverage: 1983-. (Full text: 1995-)
=538  \\$aMode of access: World Wide Web.
=650  \0$aSocial sciences$vAbstracts$vPeriodicals.
=650  \0$aSocial sciences$vBibliography$vPeriodicals.
=710  2\$aOvid Technologies, Inc.
=710  2\$aH.W. Wilson Company.
=856  40$uhttp://web5.silverplatter.com.webspirs/start$zFor subscribers only, requires username and password, follow links to resource; BL Reading Room access
=852  41$aBritish Library$bHMNTS$je-media
=985  \\$aRecord merged by DQ team
=CAT  \\$aCONV$b00$c20040425$lBLL90$h0723
=CAT  \\$aCONV$b00$c20040502$lBLL01$h1343
=CAT  \\$a6550$b40$c20051229$lBLL01$h1345
=CAT  \\$aBATCH-UPD$b40$c20131021$lBLL01$h1141
=CAT  \\$a7778$b40$c20131112$lBLL01$h1324
=CAT  \\$aWR14_140$c20140905$lBLL01$h1740
=FIN  \\$aY
=LEO  \\$aMP5.0000022553
=LEO  \\$aMP13.0000237607
=SRC  \\$aDSS03$bbibsr.200404.2.aa
=SRC  \\$aBNB03$bbibmp5.200404.2.aa
=SRC  \\$aHSS01$bbibmp13.200404.2.aa
=STA  \\$aSUPPRESSED$bDatabase
=TCO  \\$aCLA$bCLA$c008
=LAS  \\$aWR14_140$b00$c20140905$lBLL01$h1740

