=LDR  02540 ai a2200709 a 4500
=001  009918618
=003  Uk
=005  20120607133226.0
=006  m\\\\\\\\d\\\\\\\\
=007  cr||||||||||||
=008  030926d199u201uenkuu\d\o\o\\\0\\\a2eng\\
=FMT  \\$a  SE
=015  \\$aGBA342027$2bnb
=019  y\$abA342027
=019  9\$abA342027
=019  1\$abA342027
=039  0\$a2761
=040  \\$aUk$cUk$dUk
=042  \\$aukblsr
=082  04$a809.005$221
=245  00$aTLS centenary archive$h[electronic resource].
=246  3\$aTimes literary supplement centenary archive
=260  \\$a[Reading :$bPrimary Source Media]
=336  \\$atext$2rdacontent
=337  \\$acomputer$2rdamedia
=338  \\$aonline resource$2rdacarrier
=362  1\$aBegan in 1999? Ceased in 2010?
=520  \\$aArchive of articles and book reviews from the Times Literary Supplement. Covers 1902-1990.
=500  \\$aConstitutes: Times literary supplement, later TLS, the Times literary supplement.
=500  \\$aTitle from title screen (viewed on 6 June 2003). - Variant title: The Times literary supplement centenary archive.
=538  \\$aMode of access: World Wide Web.
=630  04$aTimes literary supplement$vIndexes.
=650  \0$aBooks$vReviews.
=650  \0$aLiterature$vBook reviews.
=650  \0$aLiterature$xHistory and criticism.
=650  \0$aArt criticism.
=650  \0$aArt$xHistory.
=650  \0$aMusic$vHistory and criticism.
=787  0\$aTimes literary supplement (1902)$x0040-7895
=787  0\$tTLS, the Times literary supplement$x0307-661X
=785  00$tTLS historical archive
=856  40$uhttp://www.tls.psmedia.com/default.htm$zFor subcribers only; BL Reading Room access
=852  41$aBritish Library$bHMNTS$je-media
=985  \\$aRecord merged by DQ team
=CAT  \\$aCONV$b00$c20040425$lBLL90$h0723
=CAT  \\$aCONV$b00$c20040502$lBLL01$h1343
=CAT  \\$a6550$b40$c20051228$lBLL01$h1406
=CAT  \\$a3072$b40$c20120607$lBLL01$h1231
=CAT  \\$a3072$b40$c20120607$lBLL01$h1232
=CAT  \\$a3072$b40$c20120607$lBLL01$h1331
=CAT  \\$a3072$b40$c20120607$lBLL01$h1332
=CAT  \\$aBATCH-UPD$b40$c20131021$lBLL01$h1142
=CAT  \\$aWR14_140$c20140905$lBLL01$h1740
=FIN  \\$aY
=LEO  \\$aMP5.0000022678
=LEO  \\$aMP13.0000237632
=SRC  \\$aDSS02$bbibh.200404.2.aa
=SRC  \\$aBNB03$bbibmp5.200404.2.aa
=SRC  \\$aHSS01$bbibmp13.200404.2.aa
=STA  \\$aSUPPRESSED$bDatabase
=TCO  \\$aCLA$bCLA$c008
=LAS  \\$aWR14_140$b00$c20140905$lBLL01$h1740

