=LDR  02061 as a2200565ua 4500
=001  009918621
=003  Uk
=005  20060502110145.0
=006  a|||||||||||||||p|
=007  c|||||
=008  031103c199u9999enk|||p|s|\\\\0\\\|0lat\\
=FMT  \\$a  SE
=015  \\$aGBA342117$2bnb
=019  y\$abA342117
=019  9\$abA342117
=019  1\$abA342117
=039  0\$a2767
=040  \\$aUk$cUk
=082  04$a270.0922$221
=245  00$aActa sanctorum$h[electronic resource] :$bthe full text database.
=260  \\$a[Cambridge :$bChadwyck-Healey]
=336  \\$atext$2rdacontent
=337  \\$acomputer$2rdamedia
=500  \\$aTitle from title screen (viewed on 6 June 2003)
=520  \\$aAn electronic version of the works published over a period of 300 years by the Société des Bollandistes.
=530  \\$aAlso available on CD-ROM and in print formats.
=538  \\$aMode of access: World Wide Web.
=538  \\$aSystem requirements: Internet Explorer 5.0 or later, or Netscape Version 6.0 or later.
=546  \\$aText in Latin, database has English language search engine and help.
=650  \0$aChristian hagiography.
=650  \0$aChristian saints$vBiography.
=710  2\$aBollandists.
=856  40$uhttp://acta.chadwyck.co.uk$zFor subcribers only; BL Reading Room access
=886  2\$2ukmarc$a910$b20$aBollandistes$xSee$aBollandists$z710
=886  2\$2ukmarc$a910$b20$aSociété des bollandistes$xSee$aBollandists$z710
=852  41$aBritish Library$bHMNTS$je-media
=CAT  \\$aCONV$b00$c20040425$lBLL90$h0723
=CAT  \\$aCONV$b00$c20040502$lBLL01$h1343
=CAT  \\$a8180$b40$c20060502$lBLL01$h1101
=CAT  \\$aBATCH$b00$c20091122$lBLL01$h1301
=CAT  \\$aBATCH-UPD$b00$c20131021$lBLL01$h1141
=CAT  \\$aWR14_140$c20140905$lBLL01$h1740
=FIN  \\$aY
=LEO  \\$aMP5.0000022687
=LEO  \\$aMP13.0000237635
=SRC  \\$aBNB03$bbibmp5.200404.2.aa
=SRC  \\$aHSS01$bbibmp13.200404.2.aa
=STA  \\$aSUPPRESSED$bDatabase
=TCO  \\$aCLA$bCLA$c008
=LAS  \\$aWR14_140$b00$c20140905$lBLL01$h1740

