=LDR  02389 as a2200577ua 4500
=001  009918649
=003  Uk
=005  20140905174000.0
=007  c|||||
=008  030904c199u9999enkqr|p|s|ai\\0\\\|0eng\\
=FMT  \\$a  SE
=015  \\$aGBA343003$2bnb
=019  y\$abA343003
=019  9\$abA343003
=019  1\$abA343003
=039  0\$a2758
=040  \\$aUk$cUk
=082  04$a320.05$221
=245  00$aInternational political science abstracts$h[electronic resource] :$bIPSA.
=246  3\$aIPSA
=260  \\$a[New York ;$aLondon (Merlin House, 20 Belmont Terrace, Chiswick, W4 5UG]) :$bOvid Technologies.
=310  \\$aUpdated quarterly
=336  \\$atext$2rdacontent
=337  \\$acomputer$2rdamedia
=500  \\$aDatabase runs on SilverPlatter's WebSPIRS platform.
=500  \\$aProduced by: International Political Science Association.
=500  \\$aTitle from database information screen (viewed 11 June 2003)
=520  \\$aProvides abstracts of political science articles published in scholarly journals and yearbooks worldwide from 1989.
=530  \\$aAlso available in print and CD-ROM formats.
=538  \\$aMode of access: World Wide Web.
=650  \0$aPolitical science$xPeriodicals$vAbstracts$vPeriodicals.
=650  \0$aPolitical science$xPeriodicals$vIndexes$vPeriodicals.
=710  2\$aInternational Political Science Association.
=856  40$uhttp://web5.silverplatter.com/webspirs/start$zFor subscribers only, requires username and password; BL Reading Room access
=886  2\$2ukmarc$a910$b20$aAssociation internationale de science politique$xSee$aInternational Political Science Association$z710
=886  2\$2ukmarc$a910$b20$aAISP$xSee$aInternational Political Science Association$z710
=886  2\$2ukmarc$a910$b20$aIPSA$xSee$aInternational Political Science Association$z710
=852  41$aBritish Library$bHMNTS$je-media
=CAT  \\$aCONV$b00$c20040425$lBLL90$h0723
=CAT  \\$aCONV$b00$c20040502$lBLL01$h1343
=CAT  \\$aBATCH$b00$c20091122$lBLL01$h1301
=CAT  \\$aBATCH-UPD$b00$c20131021$lBLL01$h1141
=CAT  \\$aWR14_140$c20140905$lBLL01$h1740
=FIN  \\$aY
=LEO  \\$aMP5.0000022738
=LEO  \\$aMP13.0000237665
=SRC  \\$aBNB03$bbibmp5.200404.2.aa
=SRC  \\$aHSS01$bbibmp13.200404.2.aa
=STA  \\$aSUPPRESSED$bDatabase
=TCO  \\$aCLA$bCLA$c008
=LAS  \\$aWR14_140$b00$c20140905$lBLL01$h1740

