=LDR  03082 ai a2200721 a 4500
=001  009918679
=003  Uk
=005  20070410153955.0
=007  cr||||||||||||
=008  030829c199u9999xxkuu\d\s\i\\\0\\\a2eng\\
=FMT  \\$a  SE
=015  \\$aGBA344274$2bnb
=019  y\$abA344274
=019  9\$abA344274
=019  1\$abA344274
=039  0\$a2757
=040  \\$aUk$cUk$dUk
=082  04$a909$221
=245  00$aKeesing's world news archive$h[electronic resource].
=246  3\$aKeesing's
=246  1\$iFormer variant:$aKeesing's online
=246  1\$iAlso previously known as:$aKeesing's record of world events
=247  10$aKeesing's worldwide online
=260  \\$aBethesda, Md. ;$aCambridge :$bKeesing's Worldwide
=336  \\$atext$2rdacontent
=337  \\$acomputer$2rdamedia
=338  \\$aonline resource$2rdacarrier
=500  \\$aTitle from home page (viewed on 16 June 2003); (last viewed on 21 Mar. 2007).
=520  \\$aKeesing's World News Archive is a web-based database comprising the full archive - more than 95,000 articles, first from 1931-87 as Keesing's Contemporary Archives, and then as Keesing's Record of World Events from 1987 to the present. Digest of political, social and economic events for all countries of the world.
=530  \\$aAlso available as separate Keesing's titles in CD-ROM and print formats.
=538  \\$aMode of access: World Wide Web.
=650  \0$aWorld politics$vDatabases.
=650  \0$aHistory, Modern$vDatabases.
=650  \0$aCurrent events$vDatabases.
=776  0\$tKeesing's record of world events$x0950-6128
=776  0\$tKeesing's record of world events (CD-ROM)
=776  0\$tKeesing's contemporary archives$x0022-9679
=856  40$uhttp://keesings.com$zFor subscribers only; requires user name and password; BL Reading Room access
=852  41$aBritish Library$bHMNTS$je-media
=985  \\$aRecord merged by DQ team
=CAT  \\$aCONV$b00$c20040425$lBLL90$h0723
=CAT  \\$aCONV$b00$c20040502$lBLL01$h1343
=CAT  \\$a6550$b40$c20051229$lBLL01$h1335
=CAT  \\$a6550$b40$c20051229$lBLL01$h1336
=CAT  \\$a3072$b40$c20070321$lBLL01$h1358
=CAT  \\$a3072$b40$c20070321$lBLL01$h1359
=CAT  \\$a3072$b40$c20070328$lBLL01$h1426
=CAT  \\$a3072$b40$c20070328$lBLL01$h1439
=CAT  \\$a11249$b40$c20070410$lBLL01$h1539
=CAT  \\$aBATCH-UPD$b40$c20131021$lBLL01$h1141
=CAT  \\$aWR14_140$c20140905$lBLL01$h1740
=FIN  \\$aY
=LEO  \\$aMP5.0000022889
=LEO  \\$aMP13.0000237699
=LKR  \\$aPAR$b010494849$lBLL01$r776$mKeesing's world news archive$nKeesing's contemporary archives
=LKR  \\$aPAR$b010191884$lBLL01$r776$mKeesing's world news archive$nKeesing's record of world events
=LKR  \\$aPAR$b008878049$lBLL01$r776$mKeesing's world news archive$nKeesing's record of world events 1960-94.
=SRC  \\$aDSS03$bbibsr.200404.2.aa
=SRC  \\$aBNB03$bbibmp5.200404.2.aa
=SRC  \\$aHSS01$bbibmp13.200404.2.aa
=STA  \\$aSUPPRESSED$bDatabase
=TCO  \\$aCLA$bCLA$c008
=LAS  \\$aWR14_140$b00$c20140905$lBLL01$h1740

