=LDR  02194 as a2200613 a 4500
=001  009920105
=003  Uk
=005  20060103113138.0
=007  c|||||
=008  031103c200u9999enkwr|p|s|\\\\0\\\a0eng\\
=FMT  \\$a  SE
=015  \\$aGBA378615$2bnb
=019  y\$abA378615
=019  9\$abA378615
=019  1\$abA378615
=019  0\$as686487001
=039  0\$a2767
=040  \\$aUk$cUk$dUk
=082  04$a011.34$221
=130  0\$aUlrich's periodicals directory (Online)
=245  00$aUlrich's periodicals directory$h[electronic resource].
=260  \\$a[New Providence, N.J.] :$bR.R. Bowker ;$a[East Grinstead :$bBowker]
=310  \\$aUpdated weekly
=336  \\$atext$2rdacontent
=337  \\$acomputer$2rdamedia
=500  \\$aTitle from home page (viewed on 30 May 2003)
=520  \\$aProvides information on international publishers, corporate authors, periodicals, serials, annuals, continuations, etc. Also complete names and addresses of many serial publishers and distributors.
=530  \\$aAlso available in print format, and in CD-ROM as Ulrich's on disc.
=538  \\$aMode of access: World Wide Web.
=650  \0$aPeriodicals$vDirectories.
=650  \0$aPeriodicals$vBibliography.
=650  \0$aSerial publications$vDirectories.
=650  \0$aSerial publications$vBibliography.
=740  0\$aUlrich's on disc.
=856  40$uhttp://www.ulrichsweb.com/ulrichsweb$zFor subscribers only; BL Reading Room access
=852  41$aBritish Library$bHMNTS$je-media
=957  \\$a030530p
=985  \\$aRecord merged by DQ team
=CAT  \\$aCONV$b00$c20040425$lBLL90$h0723
=CAT  \\$aCONV$b00$c20040502$lBLL01$h1343
=CAT  \\$a6550$b40$c20060103$lBLL01$h1129
=CAT  \\$a6550$b40$c20060103$lBLL01$h1131
=CAT  \\$aBATCH-UPD$b40$c20131021$lBLL01$h1142
=CAT  \\$aWR14_140$c20140905$lBLL01$h1740
=FIN  \\$aY
=LEO  \\$aMP5.0000027265
=LEO  \\$aMP13.0000239193
=LEO  \\$aMP25.0000364174
=SRC  \\$aBNB03$bbibmp5.200404.2.aa
=SRC  \\$aHSS01$bbibmp13.200404.2.aa
=SRC  \\$aSRI01$bbibmp25.200404.2.aa
=STA  \\$aSUPPRESSED$bDatabase
=TCO  \\$aCLA$bCLA$c008
=LAS  \\$aWR14_140$b00$c20140905$lBLL01$h1740

