=LDR  01658 as a22004693  4500
=001  007198354
=003  Uk
=005  20171213165229.0
=006  m\\\\\\\\d\|\\\\\\
=007  cr||||||||||||
=008  040416c20039999enkqr\p\\\\\\\0\\\a0eng\\
=FMT  \\$a  SE
=022  \\$a1742-1004$202
=040  \\$aUk$beng$cUk
=042  \\$aissnuk
=222  \0$aEPS market monitor. Scientific, technical & medical (STM) information
=245  00$aEPS market monitor$pScientific, technical & medical (STM) information
=260  \\$aLondon :$bElectronic Publishing Services.
=310  \\$aQuarterly
=336  \\$atext$2rdacontent
=337  \\$acomputer$2rdamedia
=338  \\$aonline resource$2rdacarrier
=856  4\$umailto:marketmonitor@epsitd.com$zTo subscribe
=852  41$aBritish Library$bSTI$je-media$3Volume 1, Number 1 (2003)-Volume 1, Number 2 (2003)
=A02  \\$a3022912$z0
=CAT  \\$aCONV$b00$c20040425$lBLL90$h0713
=CAT  \\$aCONV$b00$c20040502$lBLL01$h1212
=CAT  \\$a9570$b40$c20050202$lBLL01$h0850
=CAT  \\$a11279$b40$c20050203$lBLL01$h0837
=CAT  \\$a11279$b40$c20050203$lBLL01$h0840
=CAT  \\$aBATCH$b00$c20091207$lBLL01$h0417
=CAT  \\$aBATCH$b00$c20091214$lBLL01$h0223
=CAT  \\$aBATCH$b00$c20091216$lBLL01$h0042
=CAT  \\$aBATCH-UPD$b00$c20131021$lBLL01$h1141
=CAT  \\$aW1711-1225$c20171203$lBLL01$h1018
=CAT  \\$a10973$b40$c20171213$lBLL01$h1652
=FIN  \\$aY$d20050202
=SRC  \\$aDSS03$bbibsr.200404.2.aa
=STA  \\$aSUPPRESSED$bunable to determine reason for suppression
=STA  \\$aSUPPRESSED$bDatabase
=TCO  \\$aCLA$bCLA$c008
=LAS  \\$a10973$b40$c20171213$lBLL01$h1652

