=LDR  02088 as a22005893  4500
=001  007198780
=003  Uk
=005  20120618155101.0
=007  cr||||||||||||
=008  031219d200u200uenkmr\p\o\\\\\0\\\a0eng\\
=FMT  \\$a  SE
=015  \\$aGBA375631$2bnb
=019  y\$abA375631
=019  9\$abA375631
=039  0\$a2773
=040  \\$aUk$cUk$dUk
=082  04$a380.10285$221
=130  0\$aIndicator (Albany Software)
=245  10$aIndicator$h[electronic resource].
=260  \\$a[Alton (Albany House, 7 Oriel Court, Omega Park, Alton, Hampshire, GU34 2YT]) :$bAlbany Software
=310  \\$aMonthly
=336  \\$atext$2rdacontent
=337  \\$acomputer$2rdamedia
=338  \\$aonline resource$2rdacarrier
=500  \\$aTitle from caption.
=500  \\$aDescription based on: Feb. 2002.
=516  \\$aIn HTML format
=530  \\$aArchive of issues available on World Wide Web. Daily updates also available online.
=538  \\$aMode of access: email and World Wide Web.
=650  \0$aElectronic commerce$vPeriodicals.
=710  2\$aAlbany Software.
=856  40$uhttp://www.albany.co.uk/indicator$zFor access and to subscribe
=856  00$umailto:indicator-subscribe@albany.co.uk$zSend a blank email to email address to subscribe
=852  41$aBritish Library$bHMNTS$jSRIS DIGITAL STORE
=985  \\$aRecord merged by DQ team
=A02  \\$a1451649$z51649
=CAT  \\$aCONV$b00$c20040425$lBLL90$h0713
=CAT  \\$aCONV$b00$c20040502$lBLL01$h1212
=CAT  \\$a11249$b40$c20050408$lBLL01$h0902
=CAT  \\$aBATCH$b00$c20091207$lBLL01$h0418
=CAT  \\$aBATCH$b00$c20091214$lBLL01$h0223
=CAT  \\$aBATCH$b00$c20091216$lBLL01$h0042
=CAT  \\$a8201$b40$c20120618$lBLL01$h1551
=CAT  \\$aWR14_140$c20140905$lBLL01$h1714
=CAT  \\$aW1711-1225$c20171203$lBLL01$h1018
=FIN  \\$aY
=LEO  \\$aMP5.0000026904
=SRC  \\$aDSS03$bbibsr.200404.2.aa
=SRC  \\$aBNB03$bbibmp5.200404.2.aa
=STA  \\$aSUPPRESSED$bunable to determine reason for suppression
=TCO  \\$aZZZ$c008
=LAS  \\$aW1711-1225$b00$c20171203$lBLL01$h1018

