=LDR  03129 ai a2200829 a 4500
=001  007198803
=003  Uk
=005  20111107135705.0
=006  m\\\\\\\\d\|\\\\\\
=007  cr||||||||||||
=008  040416c19uu9999xxu\x\d\saai\\0\\\b2eng\\
=FMT  \\$a  SE
=015  \\$aGBA537694$2bnb
=040  \\$aUk$beng$cUk$dUk
=042  \\$aukblsr
=082  04$a330$222
=130  0\$aEconLit (Online)
=245  10$a[EconLit]$h[electronic resource].
=246  13$aEconlit index version
=246  1\$iIncludes some access to$aEconLit with full text
=246  3\$aEcon lit
=250  \\$a[Index version].
=260  \\$a[Ipswich, Mass. :$bEBSCO Publishing]
=336  \\$atext$2rdacontent
=337  \\$acomputer$2rdamedia
=338  \\$aonline resource$2rdacarrier
=538  \\$aMode of access: World Wide Web.
=500  \\$aAvailable to subscribers through EBSCOhost.
=550  \\$aProduced by the American Economic Association.
=520  \\$aProvides bibliographic citations to the international literature on economics from 1969 (with abstracts from 1987).
=500  \\$aTitle supplied by cataloguer Nov. 7, 2011.
=650  \0$aEconomics$vAbstracts.
=650  \0$aEconomics$vIndexes.
=650  \0$aBusiness$vAbstracts.
=650  \0$aBusiness$vIndexes.
=650  \0$aFinance$vAbstracts.
=650  \0$aFinance$vIndexes.
=690  7\$aManagement and Business Studies$2blcoll
=710  2\$aAmerican Economic Association.
=710  2\$aEBSCO Publishing (Firm)
=787  0\$tEconLit (CD-ROM)
=787  0\$tEconLit with full text
=856  40$uhttp://search.epnet.com/login.asp?profile=web$zFor subscribers only; follow links to resource; BL Reading Room access; (access to full text still available if subscription is via Business source complete, or the publisher)
=852  41$aBritish Library$bHMNTS$je-media
=A02  \\$a1446706$z46706
=CAT  \\$aCONV$b00$c20040425$lBLL90$h0713
=CAT  \\$aCONV$b00$c20040502$lBLL01$h1212
=CAT  \\$a3072$b40$c20050503$lBLL01$h1457
=CAT  \\$a3072$b40$c20050503$lBLL01$h1557
=CAT  \\$a3072$b40$c20050519$lBLL01$h1429
=CAT  \\$a3072$b40$c20050628$lBLL01$h1639
=CAT  \\$a3072$b40$c20050707$lBLL01$h1712
=CAT  \\$a3072$b40$c20071009$lBLL01$h1417
=CAT  \\$aBATCH$b00$c20090517$lBLL01$h1818
=CAT  \\$aBATCH$b00$c20091207$lBLL01$h0418
=CAT  \\$aBATCH$b00$c20091214$lBLL01$h0223
=CAT  \\$aBATCH$b00$c20091216$lBLL01$h0042
=CAT  \\$aBATCH690$c20100715$lBLL01$h2100
=CAT  \\$aBATCH-MBS$c20100716$lBLL01$h2045
=CAT  \\$a3072$b40$c20111107$lBLL01$h1335
=CAT  \\$a3072$b40$c20111107$lBLL01$h1336
=CAT  \\$a3072$b40$c20111107$lBLL01$h1337
=CAT  \\$a3072$b40$c20111107$lBLL01$h1345
=CAT  \\$a3072$b40$c20111107$lBLL01$h1357
=CAT  \\$aBATCH-UPD$b40$c20131021$lBLL01$h1141
=CAT  \\$aWR14_140$c20140905$lBLL01$h1714
=FIN  \\$aY$d20050519
=LKR  \\$aPAR$b007845518$lBLL01$r787$mEconLit$nEconLit (CD-ROM)
=SRC  \\$aDSS03$bbibsr.200404.2.aa
=STA  \\$aSUPPRESSED$bDatabase
=TCO  \\$aTRS$bCCC$c008
=LAS  \\$aWR14_140$b00$c20140905$lBLL01$h1714

