=LDR  02658 as a2200649 a 4500
=001  007691582
=003  Uk
=005  20051110110001.0
=007  c|||||
=008  040301c199u9999enkmr|p|s|\\\\0\\\|0eng\\
=FMT  \\$a  SE
=015  \\$aGBA380718$2bnb
=019  y\$abA380718
=019  9\$abA380718
=039  0\$a2783
=040  \\$aUk$cUk$dUk
=082  04$a624.05$221
=130  0\$aHMIC (Online)
=245  00$aHMIC$h[electronic resource] :$bhealth management information consortium.
=246  3\$aHealth management information consortium
=260  \\$a[New York ;$aLondon (Merlin House, 20 Belmont Terrace, Chiswick, W4 5UG]) :$bOvid Technologies.
=310  \\$aUpdated monthly
=336  \\$atext$2rdacontent
=337  \\$acomputer$2rdamedia
=500  \\$aDatabase runs on SilverPlatter's WebSPIRS platform.
=500  \\$aTitle from database selection screen (viewed 10 Nov. 2003)
=520  \\$aComprises databases of the Department of Health's Library & Information Services, the King's Fund Library and the Nuffield Institute for Health Information Research Centre of Leeds University Library.
=530  \\$aAlso issued on CD-ROM.
=538  \\$aMode of access: World Wide Web.
=650  \0$aHospitals$xAdministration$vAbstracts$vPeriodicals.
=650  \0$aPublic health$vAbstracts$vPeriodicals.
=710  1\$aGreat Britain.$bDepartment of Health and Social Security.$bLibrary.
=710  2\$aKing's Fund (London, England).$bLibrary and Information Service.
=710  2\$aNuffield Institute for Health.
=856  40$uhttp://web5/silverplatter.com/webspirs/start$zFor subscribers only, requires username and password, follow links to resource; BL Reading Room access
=852  41$aBritish Library$bHMNTS$je-media
=985  \\$aRecord amended for WR# 13/070
=985  \\$aRecord merged by DQ team
=CAT  \\$aCONV$b00$c20040425$lBLL90$h0531
=CAT  \\$aCONV$b00$c20040502$lBLL01$h1229
=CAT  \\$a9572$b40$c20050114$lBLL01$h1401
=CAT  \\$a6550$b40$c20051107$lBLL01$h1145
=CAT  \\$a6550$b40$c20051110$lBLL01$h1100
=CAT  \\$a12179$b40$c20070227$lBLL01$h1459
=CAT  \\$aBATCH-UPD$b40$c20070227$lBLL01$h1624
=CAT  \\$aWR13_070$b00$c20130504$lBLL01$h0149
=CAT  \\$aWR13_070C$c20130611$lBLL01$h1848
=CAT  \\$aBATCH-UPD$b00$c20131021$lBLL01$h1141
=CAT  \\$aWR14_140$c20140905$lBLL01$h1721
=CAT  \\$aBATCH-UPD$b00$c20160923$lBLL01$h1835
=FIN  \\$aY
=LEO  \\$aMP5.0000027437
=SRC  \\$aBNB03$bbibmp5.200404.2.aa
=SRC  \\$aDSS02$bbibh.200404.2.aa
=STA  \\$aSUPPRESSED$bDatabase
=TCO  \\$aCLA$bCLA$c008
=LAS  \\$aBATCH-UPD$b00$c20160923$lBLL01$h1835

