=LDR  03077cai a2200721 a 4500
=001  007691613
=003  Uk
=005  20221123153910.0
=006  m\\\\\o\\d\\\\\\\\
=007  cr||||||||||||
=008  040317c19999999enk||\d\s\ai\\0\\\a2eng\\
=FMT  \\$a  SE
=015  \\$aGBA381295$2bnb
=019  y\$abA381295
=019  9\$abA381295
=039  0\$a2785
=040  \\$aUk$cUk$dUk
=082  04$a020.5$222
=130  0\$aLibrary & information science abstracts (Online)
=245  10$aLibrary & information science abstracts$h[electronic resource] :$bLISA.
=246  3\$aLibrary and information science abstracts
=246  30$aLISA
=246  1\$iAlso known as:$aLISANET
=260  \\$aBethesda, M.D. ;$aOxford :$bCSA
=336  \\$atext$2rdacontent
=337  \\$acomputer$2rdamedia
=500  \\$aTitle from website (viewed on 12 Nov. 2003).
=520  \\$aThe web version of: Library & information science abstracts. It indexes and abstracts English and international journals on the subject of librarianship and information science. Coverage from 1969.
=530  \\$aAlso available in print format with the same title, and on CD-ROM as: LISA.
=538  \\$aMode of access: World Wide Web.
=650  \0$aLibrary science$vAbstracts.
=650  \0$aLibrary science$vIndexes.
=650  \0$aInformation science$vAbstracts.
=650  \0$aInformation science$vIndexes.
=710  2\$aCambridge Scientific Abstracts, Inc.
=776  1\$tLibrary & information science abstracts (Print)$x0024-2179
=776  1\$tLibrary & information science abstracts (CD-ROM)$x0966-8799
=787  0\$tLibrary & information science collection
=856  40$uhttp://csa1.co.uk$zFor subscribers only; requires user name and password
=852  41$aBritish Library$bHMNTS$je-media
=985  \\$aRecord merged by DQ team
=985  \\$aBL now subscribes to new parallel product "Library & information science collection" 020819616 that also has full text for many titles GC 11/2022.
=CAT  \\$aCONV$b00$c20040425$lBLL90$h0531
=CAT  \\$aCONV$b00$c20040502$lBLL01$h1229
=CAT  \\$a6550$b40$c20051222$lBLL01$h1046
=CAT  \\$a11306$b40$c20061010$lBLL01$h0847
=CAT  \\$a3072$b40$c20070412$lBLL01$h1121
=CAT  \\$a6550$b40$c20070611$lBLL01$h1227
=CAT  \\$a6550$b40$c20070611$lBLL01$h1323
=CAT  \\$a6550$b40$c20070611$lBLL01$h1326
=CAT  \\$a6550$b40$c20070611$lBLL01$h1328
=CAT  \\$aBATCH-UPD$b40$c20131021$lBLL01$h1141
=CAT  \\$aWR14_140$c20140905$lBLL01$h1721
=CAT  \\$a3072$b40$c20221123$lBLL01$h1539
=FIN  \\$aY
=LEO  \\$aMP5.0000027488
=LKR  \\$aPAR$b011125032$lBLL01$nLibrary & information science abstracts (CD-ROM)$mLibrary & information science abstracts (Online)$r776
=LKR  \\$aPAR$b011123249$lBLL01$nLibrary & information science abstracts (Print)$mLibrary & information science abstracts (Online)$r776
=SRC  \\$aDSS02$bbibh.200404.2.aa
=SRC  \\$aBNB03$bbibmp5.200404.2.aa
=STA  \\$aSUPPRESSED$bDatabase
=TCO  \\$aCLA$bCLA$c008
=LAS  \\$a3072$b40$c20221123$lBLL01$h1539

