=LDR  01867 as a2200541 a 4500
=001  007691624
=003  Uk
=005  20051107115517.0
=007  c|||||
=008  040317c199u9999xxkmr|p|s|ai\\0\\\|0eng\\
=FMT  \\$a  SE
=015  \\$aGBA381474$2bnb
=019  y\$abA381474
=019  9\$abA381474
=039  0\$a2785
=040  \\$aUk$cUk$dUk
=082  04$a405$222
=245  00$aLinguistics & language behavior abstracts$h[electronic resource].
=246  3\$aLLBA
=260  \\$a[Bethesda, Md.] ;$aCambridge Scientific Abstracts.
=310  \\$aMonthly
=336  \\$atext$2rdacontent
=337  \\$acomputer$2rdamedia
=500  \\$aTitle from search screen (viewed on 12 Nov. 2003)
=500  \\$aAlso known as: LLBA.
=520  \\$aAbstracts and indexes covering all aspects of the study of language and also various fields of linguistics. Coverage from 1973.
=530  \\$aAlso available in print.
=538  \\$aMode of access: World Wide Web.
=650  \0$aLinguistics$vAbstracts.
=650  \0$aLinguistics$vIndexes.
=650  \0$aLanguage and languages$xStudy and teaching$vAbstracts.
=650  \0$aLanguage and languages$xStudy and teaching$vIndexes.
=856  40$uhttp://www.csa.com$zFor subscribers only; BL Reading Room access
=852  41$aBritish Library$bHMNTS$je-media
=985  \\$aRecord merged by DQ team
=CAT  \\$aCONV$b00$c20040425$lBLL90$h0531
=CAT  \\$aCONV$b00$c20040502$lBLL01$h1229
=CAT  \\$a6550$b40$c20051107$lBLL01$h1154
=CAT  \\$a6550$b40$c20051107$lBLL01$h1155
=CAT  \\$aBATCH-UPD$b40$c20131021$lBLL01$h1141
=CAT  \\$aWR14_140$c20140905$lBLL01$h1721
=FIN  \\$aY
=LEO  \\$aMP5.0000027501
=SRC  \\$aBNB03$bbibmp5.200404.2.aa
=SRC  \\$aDSS02$bbibh.200404.2.aa
=STA  \\$aSUPPRESSED$bDatabase
=TCO  \\$aCLA$bCLA$c008
=LAS  \\$aWR14_140$b00$c20140905$lBLL01$h1721

