=LDR  02393aas a2200673 a 4500
=001  007693520
=003  Uk
=005  20131112142728.0
=007  cr||||||||||||
=008  040303c200u9999enkuu\p\s\ai\\0\\\a0eng\\
=FMT  \\$a  SE
=015  \\$aGBA416987$2bnb
=019  y\$abA416987
=019  9\$abA416987
=022  0\$a1743-2510$202
=039  0\$a2783
=040  \\$aUk$cUk$dUk
=042  \\$aissnuk
=082  04$a307.1$222
=222  \0$aIDOX information service
=245  00$aIDOX information service$h[electronic resource].
=246  3\$aPlanex
=260  \\$a[London?] :$bI-documentsystems Group plc
=336  \\$atext$2rdacontent
=337  \\$acomputer$2rdamedia
=338  \\$aonline resource$2rdacarrier
=500  \\$aTitle from welcome screen (viewed on 19 Feb. 2004).
=500  \\$aFormer title: Planex.
=520  \\$aAbstracting database covering books, research reports and journals, in housing, planning and urban and rural development and regeneration.
=538  \\$aMode of access: World Wide Web.
=650  \0$aHousing$zGreat Britain$vAbstracts.
=650  \0$aHousing$zGreat Britain$vIndexes.
=650  \0$aCity planning$zGreat Britain$vAbstracts.
=650  \0$aCity planning$zGreat Britain$vIndexes.
=650  \0$aRegional planning$zGreat Britain$vAbstracts.
=650  \0$aRegional planning$zGreat Britain$vIndexes.
=690  7\$aSocial Welfare$2blcoll
=710  2\$aI-documentationsystems Group.
=856  40$uhttp://www.i-documentsystems.com/iii/index.htm$zFor subscribers only; BL Reading Room access
=852  41$aBritish Library$bSTI$je-media
=985  \\$aRecord merged by DQ team
=CAT  \\$aCONV$b00$c20040425$lBLL90$h0531
=CAT  \\$aCONV$b00$c20040502$lBLL01$h1229
=CAT  \\$a6550$b40$c20051109$lBLL01$h1409
=CAT  \\$aglobal_upd$b40$c20060417$lBLL01$h1614
=CAT  \\$aBATCH$b00$c20091119$lBLL01$h0124
=CAT  \\$aBATCH$b00$c20110625$lBLL01$h0345
=CAT  \\$aBATCH-UPD$b00$c20131021$lBLL01$h1141
=CAT  \\$a11315$b40$c20131112$lBLL01$h1427
=CAT  \\$aWR14_140$c20140905$lBLL01$h1721
=FIN  \\$aY
=LEO  \\$aMP5.0000030232
=LEO  \\$aMP22.0000072018
=SRC  \\$aBNB03$bbibmp5.200404.2.aa
=SRC  \\$aDSS03$bbibsr.200404.2.aa
=SRC  \\$aISN01$bbibmp22.200404.2.aa
=STA  \\$aSUPPRESSED$bDatabase
=TCO  \\$aCLA$bCLA$c008
=LAS  \\$aWR14_140$b00$c20140905$lBLL01$h1721

