=LDR  03069 ai a2200673 a 4500
=001  009918154
=003  Uk
=005  20150701113510.0
=006  m\\\\\\\\d\|\\\\\\
=007  cr||||||||||||
=008  030828c199u9999xxuwr\d\s\bi\\0\\\a0eng\\
=FMT  \\$a  SE
=015  \\$aGBA331245$2bnb
=019  y\$abA331245
=019  9\$abA331245
=019  1\$abA331245
=039  0\$a2757
=040  \\$aUk$cUk$dUk
=082  04$a016.3$221
=130  0\$aInternational bibliography of the social sciences (Online)
=245  10$aInternational bibliography of the social sciences$h[electronic resource] :$bIBSS.
=246  3\$aIBSS
=260  \\$a[New York ;$aLondon (Merlin House, 20 Belmont Terrace, Chiswick, W4 5UG]) :$bOvid Technologies
=260  3\$a[Ann Arbor, Mich?]:$bProquest
=310  \\$aUpdated weekly
=336  \\$atext$2rdacontent
=337  \\$acomputer$2rdamedia
=338  \\$aonline resource$2rdacarrier
=500  \\$aProduced by: British Library of Political and Economic Science, London School of Economics.
=500  \\$aTitle from "select databases" screen (CSA Illumina, viewed Aug. 13, 2010).
=500  \\$aAlso known as: IBSS.
=520  \\$aIndexes information contained in more than 2600 social science journals and 6000 books each year covering the core disciplines of anthropology, economics, political science and sociology. 1951-current.
=530  \\$aAlso available in print and CD-ROM formats.
=538  \\$aMode of access: World Wide Web.
=650  \0$aSocial sciences$vIndexes$vPeriodicals.
=710  2\$aBritish Library of Political and Economic Science.
=856  4\$uhttp://csaweb113v.csa.com/ids70/quick_search.php?SID=5tk0062hiihg0bc0hvojllb131$zFor subscribers only, requires username and password; follow links to resource; BL Reading Room access
=856  4\$uhttp://web5.silverplatter.com/webspirs/start$zNo longer links to resource
=856  4\$uhttp://ovidsp.tx.ovid.com/sp-2.3.1b/ovidweb.cgi$zNo longer links to resource
=886  2\$2ukmarc$a910$b20$aLondon School of Economics and Political Science$cBritish Library of Political and Economic Science$xSee$aBritish Library of Political and Economic Science$z710
=852  41$aBritish Library$bHMNTS$je-media
=985  \\$asupplier changes to Proquest in Aug 2010.
=985  \\$aPrint versions treat each of the four parts - anthropology, economics, political science and sociology - separately.
=CAT  \\$aCONV$b00$c20040425$lBLL90$h0723
=CAT  \\$aCONV$b00$c20040502$lBLL01$h1343
=CAT  \\$aBATCH$b00$c20091122$lBLL01$h1301
=CAT  \\$a3072$b40$c20100514$lBLL01$h1502
=CAT  \\$a3072$b40$c20100813$lBLL01$h1212
=CAT  \\$a3072$b40$c20100813$lBLL01$h1217
=CAT  \\$aBATCH-UPD$b40$c20131021$lBLL01$h1141
=CAT  \\$a8483$b40$c20150701$lBLL01$h1135
=FIN  \\$aY
=LEO  \\$aMP5.0000021240
=LEO  \\$aMP13.0000237127
=SRC  \\$aBNB03$bbibmp5.200404.2.aa
=SRC  \\$aHSS01$bbibmp13.200404.2.aa
=STA  \\$aSUPPRESSED$bDatabase
=TCO  \\$aTRS$bCCC$c008
=LAS  \\$a8483$b40$c20150701$lBLL01$h1135

