=LDR  02385 as a2200469ua 4500
=001  006681110
=003  Uk
=005  20140905170800.0
=007  c|||||
=008  030828c199u9999enk|||p|s|\\\\0\\\|0eng\\
=FMT  \\$a  SE
=015  \\$aGBA331269$2bnb
=019  1\$abA331269
=040  \\$aUk$cUk
=082  04$a016.7914$221
=245  00$aInternational film archive$h[electronic resource].
=260  \\$a[New York ;$aLondon (Merlin House, 20 Belmont Terrace, Chiswick, W4 5UG]) :$bOvid Technologies.
=336  \\$atext$2rdacontent
=337  \\$acomputer$2rdamedia
=500  \\$aDatabase runs on SilverPlatter's WebSPIRS platform.
=500  \\$aProduced by: International Federation of Film Archives.
=500  \\$aTitle from search screen (viewed 3 Apr. 2003)
=505  0\$aContents: International index to film periodicals, 1972- -International index to television periodicals 1979- - List of periodicals indexed - Treasures from the film archives -International directory of Film and TV documentation collections - Bibliography of FIAF members publications.
=520  \\$aThe main database International index to film periodicals contains almost 230,000 article references from more than 300 periodicals. The database, which cumulates citations to the annual printed volume, offers in-depth coverage of the worlds foremost film journals from 1972-present.
=538  \\$aMode of access: World Wide Web.
=650  \0$aMotion pictures$vIndexes$vPeriodicals.
=650  \0$aTelevision$vIndexes$vPeriodicals.
=710  2\$aInternational Federation of Film Archives.
=856  40$uhttp://web5.silverplatter.com/webspirs/start$zForsubscribers only, requires username and password; BL Reading Room access only
=886  2\$2ukmarc$a910$b20$aFIAF$xSee$aInternational Federation of Film Archives$z710
=886  2\$2ukmarc$a910$b20$aFédération internationale des archives du film$xSee$aInternational Federation of Film Archives$z710
=852  41$aBritish Library$bHMNTS$je-media
=CAT  \\$aCONV$b00$c20040502$lBLL01$h1149
=CAT  \\$aBATCH$b00$c20091118$lBLL01$h0103
=CAT  \\$aBATCH-UPD$b00$c20131021$lBLL01$h1141
=CAT  \\$aWR14_140$c20140905$lBLL01$h1708
=FIN  \\$aY
=LEO  \\$aMP13.0000237130
=SRC  \\$aHSS01$bbibmp13.200404.2.aa
=STA  \\$aSUPPRESSED$bDatabase
=TCO  \\$aCLA$bCLA$c008
=LAS  \\$aWR14_140$b00$c20140905$lBLL01$h1708

