=LDR  02148 as a2200529ua 4500
=001  006681127
=003  Uk
=005  20140905170800.0
=007  c|||||
=008  030926c200u9999xxu|||p|s|i\\\0\\\|0eng\\
=FMT  \\$a  SE
=015  \\$aGBA344427$2bnb
=019  1\$abA344427
=040  \\$aUk$cUk
=082  04$a016.4$221
=245  00$aMLA$h[electronic resource].
=260  \\$a[New York, N.Y. ;$aLondon (Merlin House, 20 Belmont Terrace, Chiswick, W4 5UG) :$bOvid Technologies]
=336  \\$atext$2rdacontent
=337  \\$acomputer$2rdamedia
=500  \\$aDatabase runs on SilverPlatter's WebSPIRS platform.
=500  \\$aTitle from database selection screen (viewed on 10 Apr. 2003)
=505  0\$aContains: MLA bibliography (from 1963), and: MLA directory of periodicals (from 2003)
=520  \\$aProvides bibliographic information on published scholarly documents in a range of subjects including literature, modern languages, linguistics and folklore.
=530  \\$aAlso available in print and on CD-ROM.
=538  \\$aMode of access: World Wide Web.
=650  \0$aLiterature$xHistory and criticism$vIndexes.
=650  \0$aLanguages, Modern$vIndexes.
=650  \0$aLinguistics$vIndexes.
=650  \0$aFolklore$vIndexes.
=710  2\$aModern Language Association of America.
=710  2\$aOvid Technologies, Inc.
=740  0\$aMLA bibliography.
=740  0\$aMLA directory of periodicals.
=856  40$uhttp://web5silverplatter.com/webspirs/start.ws$zFor subscribers only; BL Reading Room access
=886  2\$2ukmarc$a910$b20$aOvid Technologies$eFirm$xSee$aOvid Technologies, Inc$z710/1
=886  2\$2ukmarc$a910$b20$aCDP Technologies$eFirm$xSee$aOvid Technologies, Inc$z710/1
=852  41$aBritish Library$bHMNTS$je-media
=CAT  \\$aCONV$b00$c20040502$lBLL01$h1149
=CAT  \\$aBATCH$b00$c20091118$lBLL01$h0103
=CAT  \\$aBATCH-UPD$b00$c20131021$lBLL01$h1141
=CAT  \\$aWR14_140$c20140905$lBLL01$h1708
=FIN  \\$aY
=LEO  \\$aMP13.0000237716
=SRC  \\$aHSS01$bbibmp13.200404.2.aa
=STA  \\$aSUPPRESSED$bDatabase
=TCO  \\$aTRS$bCCC$c008
=LAS  \\$aWR14_140$b00$c20140905$lBLL01$h1708

