=LDR  01994 as a2200577 a 4500
=001  007031618
=003  Uk
=005  20051107133118.0
=007  c|||||
=008  031031c19969999xxu|||p|s|\\\\0\\\|0eng\\
=FMT  \\$a  SE
=015  \\$aGBA327038$2bnb
=019  c\$a2603954
=019  y\$abA327038
=019  9\$abA327038
=039  0\$a2766
=040  \\$aUk$cUk$dUk
=082  04$a820$221
=245  00$aLiterature online$h[electronic resource].
=246  3\$aLION
=260  \\$a[Cambridge?] :$bChadwyck-Healey.
=336  \\$atext$2rdacontent
=337  \\$acomputer$2rdamedia
=500  \\$aTitle from main search screen (viewed on 3 Apr. 2003)
=500  \\$aAlso known as: LION.
=520  \\$aA fully searchable library of more than 350,000 works of English and American poetry, drama and prose, plus biographies, bibliographies, secondary sources and web links.
=538  \\$aMode of access: World Wide Web.
=650  \0$aEnglish literature.
=650  \0$aEnglish literature$xHistory and criticism.
=650  \0$aAmerican literature.
=650  \0$aAmerican literature$xHistory and criticism.
=856  40$uhttp://lion.chadwyck.co.uk$zFor subscribers only; BL Reading Room access
=852  41$aBritish Library$bHMNTS$je-media
=945  \\$aLITERATURE ONLINE -ELECTRONIC EDITION-.
=979  \\$aBritish Library$bDSC$j5276.721455N
=985  \\$aRecord merged by DQ team
=CAT  \\$aCONV$b00$c20040425$lBLL90$h0531
=CAT  \\$aCONV$b00$c20040502$lBLL01$h1207
=CAT  \\$a6550$b40$c20051107$lBLL01$h1331
=CAT  \\$aWR13.005$c20130323$lBLL01$h1232
=CAT  \\$aBATCH-UPD$b00$c20131021$lBLL01$h1141
=CAT  \\$aWR14_140$c20140905$lBLL01$h1709
=FIN  \\$aY
=LEO  \\$aMP5.0000020681
=LEO  \\$aMP10.0000347929
=SRC  \\$aBNB03$bbibmp5.200404.2.aa
=SRC  \\$aDSS02$bbibh.200404.2.aa
=SRC  \\$aDSS01$bbibmp10.200404.2.aa
=STA  \\$aSUPPRESSED$bDatabase
=TCO  \\$aTRS$bCCC$c008
=LAS  \\$aWR14_140$b00$c20140905$lBLL01$h1709

