=LDR  01971 as a2200541 a 4500
=001  007031862
=003  Uk
=005  20051107141947.0
=007  c|||||
=008  031031c20029999enk|||p|s|de\\0\\\|0eng\\
=FMT  \\$a  SE
=015  \\$aGBA330905$2bnb
=019  y\$abA330905
=019  9\$abA330905
=039  0\$a2766
=040  \\$aUk$cUk$dUk
=082  04$a032$221
=245  00$aOxford reference online$h[electronic resource].
=250  \\$aPremium.
=260  \\$aOxford :$bOxford University Press.
=336  \\$atext$2rdacontent
=337  \\$acomputer$2rdamedia
=500  \\$aFrom 2004? "premium" and "core" collections are published.
=500  \\$aTitle from title screen (viewed on 23 Apr. 2003, last viewed on 5 Jan. 2004)
=520  \\$aConsists of 100 specialist and general reference dictionaries covering a wide range of subjects from social sciences, business, science, languages, the arts, and history.
=530  \\$aOnline versions of the latest editions of the OUP's reference titles.
=538  \\$aMode of access: World Wide Web.
=650  \0$aElectronic dictionaries.
=650  \0$aElectronic encyclopedias.
=650  \0$aScience$vDictionaries.
=650  \0$aHumanities$vDictionaries.
=650  \0$aSocial sciences$vDictionaries.
=856  40$uhttp://www.oxfordreference.com$zFor subscribers only; BL Reading Room access
=852  41$aBritish Library$bHMNTS$je-media
=985  \\$aRecord merged by DQ team
=CAT  \\$aCONV$b00$c20040425$lBLL90$h0531
=CAT  \\$aCONV$b00$c20040502$lBLL01$h1207
=CAT  \\$a6550$b40$c20051107$lBLL01$h1417
=CAT  \\$a6550$b40$c20051107$lBLL01$h1419
=CAT  \\$aBATCH-UPD$b40$c20131021$lBLL01$h1141
=CAT  \\$aWR14_140$c20140905$lBLL01$h1709
=FIN  \\$aY
=LEO  \\$aMP5.0000021184
=SRC  \\$aBNB03$bbibmp5.200404.2.aa
=SRC  \\$aDSS02$bbibh.200404.2.aa
=STA  \\$aSUPPRESSED$bDatabase
=TCO  \\$aCLA$bCLA$c008
=LAS  \\$aWR14_140$b00$c20140905$lBLL01$h1709

