=LDR  02163 as a2200637 a 4500
=001  007031876
=003  Uk
=005  20051230144200.0
=007  cr||||||||||||
=008  001003c20009999enkqr\\\s\\\\\0\\\a0eng\\
=FMT  \\$a  SE
=015  \\$aGBA331195$2bnb
=019  y\$abA331195
=019  9\$abA331195
=022  0\$a1467-3894$202
=039  0\$a2766
=040  \\$aUk$cUk$dUk
=042  \\$aissnuk
=082  04$a423$221
=130  0\$aOxford English dictionary (Online)
=210  0\$aOxf. Engl. dict.$b(Online)
=222  \0$aOxford English dictionary$b(Online)
=245  00$aOxford English dictionary$h[electronic resource].
=246  03$aOED online
=260  \\$aOxford :$bOxford University Press,$c2000-
=310  \\$aUpdated quarterly
=336  \\$atext$2rdacontent
=337  \\$acomputer$2rdamedia
=338  \\$aonline resource$2rdacarrier
=500  \\$aTitle from title screen (viewed on 24 Apr. 2003)
=500  \\$aAlso entitled: OED online.
=530  \\$aAlso available in print format and on CD-ROM; coverage starts with the text of the 2nd ed. (1989) and additions series (1993 and 1997)
=538  \\$aMode of access: World Wide Web.
=650  \0$aEnglish language$vDictionaries.
=856  40$uhttp://oed.com$zFor subscribers only; BL Reading Room access
=852  41$aBritish Library$bHMNTS$je-media
=985  \\$aRecord merged by DQ team
=CAT  \\$aCONV$b00$c20040425$lBLL90$h0531
=CAT  \\$aCONV$b00$c20040502$lBLL01$h1207
=CAT  \\$a6550$b40$c20051107$lBLL01$h1508
=CAT  \\$a11316$b40$c20051230$lBLL01$h1442
=CAT  \\$aglobal_upd$b40$c20060417$lBLL01$h1545
=CAT  \\$aWR09-126
=CAT  \\$aBATCH-UPD$b40$c20090904$lBLL01$h1705
=CAT  \\$aBATCH$b00$c20091118$lBLL01$h2217
=CAT  \\$aBATCH-UPD$b00$c20131021$lBLL01$h1141
=CAT  \\$aWR14_140$c20140905$lBLL01$h1709
=FIN  \\$aY
=LEO  \\$aMP5.0000021230
=LEO  \\$aMP22.0000061767
=SRC  \\$aBNB03$bbibmp5.200404.2.aa
=SRC  \\$aISN01$bbibmp22.200404.2.aa
=SRC  \\$aDSS02$bbibh.200404.2.aa
=STA  \\$aSUPPRESSED$bDatabase
=TCO  \\$aCLA$bCLA$c008
=LAS  \\$aWR14_140$b00$c20140905$lBLL01$h1709

