=LDR  01975 as a2200553 a 4500
=001  007032031
=003  Uk
=005  20100216114844.0
=007  c|||||
=008  031105c199u9999enk|||p|s|\\\\0\\\|0spa\\
=FMT  \\$a  SE
=015  \\$aGBA332585$2bnb
=019  c\$a2608830
=019  y\$abA332585
=019  9\$abA332585
=039  0\$a2767
=040  \\$aUk$cUk$dUk
=082  04$a860.9$222
=245  00$aBibliografia de la Literatura Espanola desde 1980$h[electronic resource].
=260  \\$a[Cambridge] :$bChadwyck-Healey.
=336  \\$atext$2rdacontent
=337  \\$acomputer$2rdamedia
=500  \\$aTitle from title page (viewed on 29 Apr. 2003)
=520  \\$aA resource for scholars of Spanish literature comprising a comprehensive bibliography of all related documentation published in any language. 1980-
=530  \\$aA cumulative CD-ROM is published annually.
=538  \\$aMode of access: World Wide Web.
=650  \0$aSpanish literature.
=650  \0$aSpanish literature$xHistory and criticism.
=856  40$uhttp://ble.chadwyck.co.uk$zFor subscribers only; BL Reading Room access
=852  41$aBritish Library$bHMNTS$je-media
=945  \\$aBIBLIOGRAFIA DE LA LITERATURA ESPANOLA -ONLINE EDITION-.
=979  \\$aBritish Library$bDSC$j1954.644000N
=985  \\$aRecord merged by DQ team
=CAT  \\$aCONV$b00$c20040425$lBLL90$h0531
=CAT  \\$aCONV$b00$c20040502$lBLL01$h1207
=CAT  \\$a6550$b40$c20051104$lBLL01$h1421
=CAT  \\$a6550$b40$c20051107$lBLL01$h1353
=CAT  \\$a11279$b40$c20100216$lBLL01$h1148
=CAT  \\$aWR13.005$c20130323$lBLL01$h1232
=CAT  \\$aBATCH-UPD$b00$c20131021$lBLL01$h1141
=CAT  \\$aWR14_140$c20140905$lBLL01$h1709
=FIN  \\$aY
=LEO  \\$aMP5.0000021442
=LEO  \\$aMP10.0000095009
=SRC  \\$aBNB03$bbibmp5.200404.2.aa
=SRC  \\$aDSS01$bbibmp10.200404.2.aa
=STA  \\$aSUPPRESSED$bDatabase
=TCO  \\$aCLA$bCLA$c008
=LAS  \\$aWR14_140$b00$c20140905$lBLL01$h1709

