=LDR  01600 as a2200445 a 4500
=001  007032281
=003  Uk
=005  20140905170900.0
=007  c|||||
=008  031105c199u9999enk|||p|s|\\\\0\\\|0eng\\
=FMT  \\$a  SE
=015  \\$aGBA335757$2bnb
=019  y\$abA335757
=019  9\$abA335757
=039  0\$a2767
=040  \\$aUk$cUk
=082  04$a811.008$222
=245  00$aCanadian poetry$h[electronic resource].
=260  \\$a[Cambridge :$bChadwyck-Healey]
=336  \\$atext$2rdacontent
=337  \\$acomputer$2rdamedia
=500  \\$aAvailable as part of Literature online.
=500  \\$aTitle from title bar (viewed on 12 May 2003)
=520  \\$aEssentially the complete canon of English-language Canadian poetry from the seventeenth century up to the early twentieth. Currently the collection contains the full text of over 12,000 poems by 142 poets drawn from over 500 printed sources.
=538  \\$aMode of access: World Wide Web.
=650  \0$aCanadian poetry.
=740  0\$aLiterature online.
=856  40$uhttp://collections.chadwyck.co.uk$zFor subscribers only; BL Reading Room access
=852  41$aBritish Library$bHMNTS$je-media
=CAT  \\$aCONV$b00$c20040425$lBLL90$h0531
=CAT  \\$aCONV$b00$c20040502$lBLL01$h1207
=CAT  \\$aBATCH$b00$c20091118$lBLL01$h2217
=CAT  \\$aBATCH-UPD$b00$c20131021$lBLL01$h1141
=CAT  \\$aWR14_140$c20140905$lBLL01$h1709
=FIN  \\$aY
=LEO  \\$aMP5.0000021852
=SRC  \\$aBNB03$bbibmp5.200404.2.aa
=STA  \\$aSUPPRESSED$bDatabase
=TCO  \\$aCLA$bCLA$c008
=LAS  \\$aWR14_140$b00$c20140905$lBLL01$h1709

