=LDR  02239 as a2200589 a 4500
=001  007032931
=003  Uk
=005  20200729171256.0
=007  c|||||
=008  031030c19969999enk|||p|s|i\\\0\\\|0eng\\
=FMT  \\$a  SE
=015  \\$aGBA344208$2bnb
=019  c\$a2603953
=019  y\$abA344208
=019  9\$abA344208
=039  0\$a2766
=040  \\$aUk$cUk$dUk
=082  04$a270$221
=245  00$aPatrologia latina :$h[electronic resource]$bthe full text database.
=246  3\$aPLD
=260  \\$a[Cambridge?] :$bChadwyck-Healey.
=264  31$a[Ann Arbor]:$bProquest
=336  \\$atext$2rdacontent
=337  \\$acomputer$2rdamedia
=500  \\$aTitle from title screen (viewed on 16 June 2003)
=500  \\$aAlso known as: PLD.
=520  \\$aAn electronic version of the first edition of Jacques-Paul Migne's "Patrologia latina" published between 1844 and 1855, and the four volumes of indexes published between 1862 and 1865. Comprises the work of the Church Fathers from Tertullian in 200 AD to the death of Pope Innocent 111 in 1216.
=538  \\$aMode of access: World Wide Web.
=650  \0$aFathers of the church, Latin.
=650  \0$aFathers of the church, Latin$vIndexes.
=650  \0$aChristian literature, Early$xLatin authors.
=650  \0$aChristian literature, Early$xLatin authors$vIndexes.
=856  40$uhttp://pci.chadwyck.co.uk$zFor subscribers only, requires user name and password; BL Reading Room access
=852  41$aBritish Library$bHMNTS$je-media
=945  \\$aPATROLOGIA LATINA DATABASE.
=979  \\$aBritish Library$bDSC$j6412.978220N
=985  \\$aRecord merged by DQ team
=CAT  \\$aCONV$b00$c20040425$lBLL90$h0531
=CAT  \\$aCONV$b00$c20040502$lBLL01$h1207
=CAT  \\$a6550$b40$c20051109$lBLL01$h1508
=CAT  \\$aWR13.005$c20130323$lBLL01$h1232
=CAT  \\$aBATCH-UPD$b00$c20131021$lBLL01$h1141
=CAT  \\$aWR14_140$c20140905$lBLL01$h1710
=CAT  \\$a3072$b40$c20200729$lBLL01$h1712
=FIN  \\$aY
=LEO  \\$aMP5.0000022885
=LEO  \\$aMP10.0000433012
=SRC  \\$aBNB03$bbibmp5.200404.2.aa
=SRC  \\$aDSS01$bbibmp10.200404.2.aa
=STA  \\$aSUPPRESSED$bDatabase
=TCO  \\$aCLA$bCLA$c008
=LAS  \\$a3072$b40$c20200729$lBLL01$h1712

