=LDR  02447 ai a2200613 a 4500
=001  007032950
=003  Uk
=005  20200729171233.0
=007  cr||||||||||||
=008  031105c20019999enk\x\d\s\i\\\0\\\a2eng\\
=FMT  \\$a  SE
=015  \\$aGBA344489$2bnb
=019  y\$abA344489
=019  9\$abA344489
=039  0\$a2767
=040  \\$aUk$cUk$dUk
=082  04$a001.3$221
=245  00$aPeriodicals archive online :$h[electronic resource].
=247  10$aPCI full text$f<Nov. 2, 2005>
=247  10$aPeriodicals contents index full text$f<Nov. 2, 2005>
=260  \\$a[Cambridge?] :$bChadwyck-Healey
=264  31$a[Ann Arbor]:$bProquest
=336  \\$atext$2rdacontent
=337  \\$acomputer$2rdamedia
=338  \\$aonline resource$2rdacarrier
=500  \\$aTitle from home page (viewed on 17 June 2003); last viewed on 9 Mar. 2007.
=520  \\$aAn archive of hundreds of digitised scholarly journals in the humanities and social sciences. Searching within the full text of articles is possible. Includes British Periodicals collections, which, when complete, will include more than 460 British journals published between 1681 and 1920 and which can be searched separately.
=538  \\$aMode of access: World Wide Web.
=650  \0$aPeriodicals$vDatabases.
=650  \0$aHumanities$vPeriodicals$vDatabases.
=650  \0$aSocial sciences$vPeriodicals$vDatabases.
=710  2\$aChadwyck-Healey, Inc.
=730  02$aBritish periodicals. [Collection 1]
=730  02$aBritish periodicals. [Collection 2]
=856  40$uhttp://pci.chadwyck.co.uk;$zFor subscribers only, requires user name and password; BL Reading Room access
=852  41$aBritish Library$bHMNTS$je-media
=985  \\$aRecord merged by DQ team
=CAT  \\$aCONV$b00$c20040425$lBLL90$h0531
=CAT  \\$aCONV$b00$c20040502$lBLL01$h1207
=CAT  \\$a6550$b40$c20051109$lBLL01$h1439
=CAT  \\$a3072$b40$c20070309$lBLL01$h1430
=CAT  \\$a3072$b40$c20070309$lBLL01$h1449
=CAT  \\$a3072$b40$c20081205$lBLL01$h0958
=CAT  \\$a3072$b40$c20081205$lBLL01$h1726
=CAT  \\$aBATCH-UPD$b40$c20131021$lBLL01$h1141
=CAT  \\$aWR14_140$c20140905$lBLL01$h1710
=CAT  \\$a3072$b40$c20200729$lBLL01$h1712
=FIN  \\$aY
=LEO  \\$aMP5.0000022925
=SRC  \\$aBNB03$bbibmp5.200404.2.aa
=SRC  \\$aDSS02$bbibh.200404.2.aa
=STA  \\$aSUPPRESSED$bDatabase
=TCO  \\$aCLA$bCLA$c008
=LAS  \\$a3072$b40$c20200729$lBLL01$h1712

