=LDR  01614 as a2200457 a 4500
=001  007033055
=003  Uk
=005  20140905171000.0
=007  c|||||
=008  040319c199u9999enkdr|p|s|\\\\0\\\|0eng\\
=FMT  \\$a  SE
=015  \\$aGBA345947$2bnb
=019  y\$abA345947
=019  9\$abA345947
=039  0\$a2785
=040  \\$aUk$cUk
=082  04$a821.008$222
=245  00$aEnglish poetry$h[electronic resource].
=260  \\$a[Cambridge :$bChadwyck-Healey]
=310  \\$aUpdated daily
=336  \\$atext$2rdacontent
=337  \\$acomputer$2rdamedia
=500  \\$aAvailable as part of Literature online.
=500  \\$aTitle from title bar (viewed on 10 Jun. 2003)
=520  \\$aEssentially the complete English poetic canon from 600 to 1900. Over 165,000 poems by more than 1,250 poets drawn from nearly 4,500 printed sources, together with contextual notes and bibliographical references.
=538  \\$aMode of access: World Wide Web.
=650  \0$aEnglish poetry$vBibliography.
=740  0\$aLiterature online.
=856  40$uhttp://collections.chadwyck.co.uk/$zFor subscribers only; BL Reading Room access
=852  41$aBritish Library$bHMNTS$je-media
=CAT  \\$aCONV$b00$c20040425$lBLL90$h0531
=CAT  \\$aCONV$b00$c20040502$lBLL01$h1207
=CAT  \\$aBATCH$b00$c20091118$lBLL01$h2218
=CAT  \\$aBATCH-UPD$b00$c20131021$lBLL01$h1141
=CAT  \\$aWR14_140$c20140905$lBLL01$h1710
=FIN  \\$aY
=LEO  \\$aMP5.0000023082
=SRC  \\$aBNB03$bbibmp5.200404.2.aa
=STA  \\$aSUPPRESSED$bDatabase
=TCO  \\$aCLA$bCLA$c008
=LAS  \\$aWR14_140$b00$c20140905$lBLL01$h1710

