=LDR  01599 as a2200457 a 4500
=001  007033056
=003  Uk
=005  20140905171000.0
=007  c|||||
=008  031105c199u9999enk|||p|s|\\\\0\\\|0eng\\
=FMT  \\$a  SE
=015  \\$aGBA345949$2bnb
=019  y\$abA345949
=019  9\$abA345949
=039  0\$a2767
=040  \\$aUk$cUk
=082  04$a813.08$222
=245  00$aEarly American fiction$h[electronic resource].
=260  \\$a[Cambridge :$bChadwyck-Healey]
=336  \\$atext$2rdacontent
=337  \\$acomputer$2rdamedia
=500  \\$aAvailable as part of Literature online.
=500  \\$aTitle from title bar (viewed on 20 Jun. 2003)
=520  \\$aProvides both images and text for a well-defined and comprehensive collection of early American fiction. Presently includes 440 titles by 80 authors.
=538  \\$aMode of access: World Wide Web.
=650  \0$aAmerican fiction$y19th century$vBibliography.
=650  \0$aAmerican fiction$y18th century$vBibliography.
=740  0\$aLiterature online.
=856  40$uhttp://eaf.chadwyck.co.uk/$zFor subscribers only; BL Reading Room access
=852  41$aBritish Library$bHMNTS$je-media
=CAT  \\$aCONV$b00$c20040425$lBLL90$h0531
=CAT  \\$aCONV$b00$c20040502$lBLL01$h1207
=CAT  \\$aBATCH$b00$c20091118$lBLL01$h2218
=CAT  \\$aBATCH-UPD$b00$c20131021$lBLL01$h1141
=CAT  \\$aWR14_140$c20140905$lBLL01$h1710
=FIN  \\$aY
=LEO  \\$aMP5.0000023083
=SRC  \\$aBNB03$bbibmp5.200404.2.aa
=STA  \\$aSUPPRESSED$bDatabase
=TCO  \\$aCLA$bCLA$c008
=LAS  \\$aWR14_140$b00$c20140905$lBLL01$h1710

