=LDR  01339 am a2200421 a 4500
=001  007033704
=003  Uk
=005  20131021114100.0
=007  c|||||
=008  031105m199u9999enkb\\\|s\\\\\000\||eng\\
=FMT  \\$a  BK
=015  \\$aGBA353673$2bnb
=019  y\$abA353673
=019  9\$abA353673
=020  \\$cBy subscription
=039  0\$a2767
=040  \\$aUk$cUk
=082  04$a823.608$222
=245  00$aEighteenth century fiction$h[electronic resource].
=260  \\$a[Cambridge :$bChadwyck-Healey]
=336  \\$atext$2rdacontent
=337  \\$acomputer$2rdamedia
=500  \\$aAvailable as part of Literature online.
=500  \\$aTitle from title bar (viewed on 23 Jul. 2003)
=538  \\$aMode of access: World Wide Web.
=650  \0$aEnglish literature$y18th century$vBibliography.
=740  0\$aLiterature online.
=856  40$uhttp://collections.chadwyck.co.uk$zfor subscibers only; BL Reading Room access
=852  41$aBritish Library$bHMNTS$je-media
=CAT  \\$aCONV$b00$c20040425$lBLL90$h0531
=CAT  \\$aCONV$b00$c20040502$lBLL01$h1207
=CAT  \\$aBATCH$b00$c20091118$lBLL01$h2218
=CAT  \\$aBATCH-UPD$b00$c20131021$lBLL01$h1141
=FIN  \\$aY
=LEO  \\$aMP5.0000023974
=SRC  \\$aBNB03$bbibmp5.200404.2.aa
=STA  \\$aSUPPRESSED$bDatabase
=LAS  \\$aBATCH-UPD$b00$c20131021$lBLL01$h1141

