=LDR  01472 am a2200445 a 4500
=001  007033793
=003  Uk
=005  20131021114100.0
=007  c|||||
=008  040318m199u9999enkb\\\|s\\\\\000\||eng\\
=FMT  \\$a  BK
=015  \\$aGBA354659$2bnb
=019  y\$abA354659
=019  9\$abA354659
=020  \\$cBy subscription
=039  0\$a2785
=040  \\$aUk$cUk
=082  04$a822.008$221
=245  00$aEarly English prose fiction$h[electronic database].
=260  \\$a[Cambridge :$bChadwyck-Healey]
=336  \\$atext$2rdacontent
=337  \\$acomputer$2rdamedia
=500  \\$aAvailable as part of Literature online.
=500  \\$aTitle from title bar (viewed on 28 Jul.2003)
=530  \\$aAlso issued in CD-ROM format.
=538  \\$aMode of access: World wide web.
=650  \0$aEnglish fiction$yEarly modern, 1500-1700$vPeriodicals.
=650  \0$aEnglish prose literature$yEarly modern, 1500-1700$vPeriodicals.
=740  0\$aLiterature online.
=856  40$uhttp://collections.chadwyck.co.uk$zfor subscibers only; BL Reading Room access
=852  41$aBritish Library$bHMNTS$je-media
=CAT  \\$aCONV$b00$c20040425$lBLL90$h0531
=CAT  \\$aCONV$b00$c20040502$lBLL01$h1207
=CAT  \\$aBATCH$b00$c20091118$lBLL01$h2218
=CAT  \\$aBATCH-UPD$b00$c20131021$lBLL01$h1141
=FIN  \\$aY
=LEO  \\$aMP5.0000024099
=SRC  \\$aBNB03$bbibmp5.200404.2.aa
=STA  \\$aSUPPRESSED$bDatabase
=LAS  \\$aBATCH-UPD$b00$c20131021$lBLL01$h1141

