=LDR  02334 ai a2200565 a 4500
=001  007034558
=003  Uk
=005  20170403154353.0
=006  m\\\\\o\\d\\\\\\\\
=007  cr||||||||||||
=008  031031c199u9999enk\u\\\oi\\\\0\\\a0eng\\
=FMT  \\$a  SE
=015  \\$aGBA364822$2bnb
=019  y\$abA364822
=019  9\$abA364822
=039  0\$a2766
=040  \\$aUk$cUk$dUk
=082  04$a015.41036$221
=245  04$aThe nineteenth century$h[electronic resource].
=260  \\$a[Cambridge?] :$bChadwyck-Healey.
=336  \\$atext$2rdacontent
=337  \\$acomputer$2rdamedia
=500  \\$aTitle from title screen (viewed on the 5th Sept. 2003).
=500  \\$aPublished in association with the British Library.
=520  \\$aCatalogue of a 30 year publishing programme which reproduces on microfiche a significant proportion of English language works first published between 1801-1900, mostly drawn from the collections of the British Library.
=520  \\$aConsists of general collection: Women writers; Children's literature; Visual arts and architecture; Linguistics; Books on China; and Publishing, the booktrade and the diffusion of knowledge.
=538  \\$aMode of access: World Wide Web.
=610  24$aBritish Library$vCatalogs.
=650  \0$aNineteenth century$vIndexes.
=650  \0$aMicrofiches$vIndexes.
=650  \0$aPrinting$xHistory$vSources$vIndexes.
=651  \0$aGreat Britain$xCivilization$y19th century$vIndexes.
=651  \0$aGreat Britain$xHistory$y19th century$vIndexes.
=710  2\$aBritish Library.
=780  00$tNineteenth century on CD-ROM$x1353-1980
=856  40$uhttp://www.pci.chadwyck.co.uk$zFor subscribers only
=886  2\$2ukmarc$a910$b20$aBritish Museum$cLibrary$xSee also$aBritish Library$z610
=886  2\$2ukmarc$a910$b20$aBritish Museum$cLibrary$xSee also$aBritish Library$z710
=852  41$aBritish Library$bHMNTS$jMic.F.348
=CAT  \\$aCONV$b00$c20040425$lBLL90$h0531
=CAT  \\$aCONV$b00$c20040502$lBLL01$h1207
=CAT  \\$aBATCH$b00$c20091118$lBLL01$h2218
=CAT  \\$aWR14_140$c20140905$lBLL01$h1710
=CAT  \\$a3072$b40$c20170403$lBLL01$h1543
=FIN  \\$aY
=LEO  \\$aMP5.0000025346
=SRC  \\$aBNB03$bbibmp5.200404.2.aa
=STA  \\$aSUPPRESSED$bDatabase
=TCO  \\$aCLA$bCLA$c008
=LAS  \\$a3072$b40$c20170403$lBLL01$h1543

