=LDR  02442 as a2200637 a 4500
=001  005481150
=003  Uk
=005  20050714143430.0
=006  m\\\\\\\\d\|\\\\\\
=007  cr||||||||||||
=008  040409c200u9999fr\dr\p\sr\\\\0\\\a0eng\\
=FMT  \\$a  SE
=019  c\$a2511828
=040  \\$aUk$beng$cUk$dUk
=041  1\$aeng$amul
=042  \\$aukblsr
=082  04$a338.74025$222
=245  00$aKompass.com$h[electronic resource] :$bthe business to business search engine.
=246  1\$iAlso known as:$aKompass worldwide
=246  13$aKompass
=260  \\$a[Cruet?] :$b[Kompass International?]
=310  \\$aUpdated daily
=336  \\$atext$2rdacontent
=337  \\$acomputer$2rdamedia
=338  \\$aonline resource$2rdacarrier
=538  \\$aMode of access: World Wide Web.
=520  \\$aDetailed product and service listings for over 1.8 million companies worldwide. Key source for producing lists of manufacturers and suppliers with over 3.4 million contact names. Products and services may be searched in any one of fifteen languages. There are several levels of membership offering different levels of access to the site.
=500  \\$aTitlle from HTML header(viewed on 29 June 2005)
=650  \0$aCorporations$vDirectories.
=650  \0$aBusiness enterprises$vDirectories.
=650  \0$aCommercial products$vDirectories
=650  \0$aService industries$vDirectories.
=650  \0$aManufactures$vDirectories.
=690  7\$aManagement and Business Studies$2blcoll
=710  2\$aKompass International.
=856  40$uhttp://www4.kompass.com$zFor subscribers only; BL Reading Room access
=852  41$aBritish Library$bSTI$je-media
=945  \\$aKompass online
=A02  \\$a2511828
=CAT  \\$aCONV$b00$c20040502$lBLL01$h1101
=CAT  \\$c20041008$lBLL01$h2228
=CAT  \\$a6946$b40$c20041218$lBLL01$h1410
=CAT  \\$a6946$b40$c20041218$lBLL01$h1419
=CAT  \\$a6946$b40$c20041218$lBLL01$h1422
=CAT  \\$a3072$b40$c20050629$lBLL01$h1327
=CAT  \\$a3072$b40$c20050714$lBLL01$h1434
=CAT  \\$aBATCH$b00$c20091206$lBLL01$h0004
=CAT  \\$aBATCH-MBS$c20120203$lBLL01$h2112
=CAT  \\$aWR13.005$c20130329$lBLL01$h1243
=CAT  \\$aBATCH-UPD$b00$c20131021$lBLL01$h1141
=FIN  \\$aY
=LEO  \\$aMP10.0000333854
=SRC  \\$aDSS01$bbibmp10.200404.2.aa
=STA  \\$aSUPPRESSED$bDatabase
=TCO  \\$aFRA$bCFC$c008
=LAS  \\$aBATCH-UPD$b00$c20131021$lBLL01$h1141

