=LDR  02045 as a2200565 a 4500
=001  005599148
=003  Uk
=005  20051124110554.0
=007  c|||||
=008  030828c20039999enkar|p|s|\\\\0\\\|0eng\\
=FMT  \\$a  SE
=015  \\$aGBA326846$2bnb
=019  y\$abA326846
=019  9\$abA326846
=019  1\$abA326846
=039  0\$a2757
=040  \\$aUk$cUk$dUk
=082  04$a780.3$221
=245  00$aGrove music$h[electronic resource].
=246  3\$aGrove dictionary of music online
=260  \\$a[Oxford] :$bOxford University Press.
=310  \\$aUpdated annually
=336  \\$atext$2rdacontent
=337  \\$acomputer$2rdamedia
=500  \\$aTitle from home page (viewed 3 Apr. 2003)
=500  \\$aAlso known as: The Grove dictionary of music online.
=500  \\$aBegan in 2003?.
=505  0\$aContents: The new Grove dictionary of music and musicians. 2nd ed. - The new Grove dictionary of opera - The new Grove dictionary of jazz. 2nd ed.
=520  \\$aThe New Grove dictionary of music & musicians online. Includes the New Grove dictionary of opera and the New Grove dictionary of jazz.
=538  \\$aMode of access: World wide web.
=650  \0$aMusic$vEncyclopaedias.
=740  4\$aThe new Grove dictionary of music and musicians.
=740  4\$aThe new Grove dictionary of opera.
=740  4\$aThe new Grove dictionary of jazz.
=856  40$uhttp://www.grovemusic.com$zFor subscribers only; BL Reading Room access
=852  41$aBritish Library$bHMNTS$je-media
=985  \\$aRecord merged by DQ team
=CAT  \\$aCONV$b00$c20040502$lBLL01$h1111
=CAT  \\$a6550$b40$c20051124$lBLL01$h1105
=CAT  \\$aBATCH-UPD$b40$c20131021$lBLL01$h1141
=CAT  \\$aWR14_140$c20140905$lBLL01$h1707
=FIN  \\$aY
=LEO  \\$aMP5.0000020657
=LEO  \\$aMP13.0000236830
=SRC  \\$aDSS02$bbibh.200404.2.aa
=SRC  \\$aBNB03$bbibmp5.200404.2.aa
=SRC  \\$aHSS01$bbibmp13.200404.2.aa
=STA  \\$aSUPPRESSED$bDatabase
=TCO  \\$aCLA$bCLA$c008
=LAS  \\$aWR14_140$b00$c20140905$lBLL01$h1707

