=LDR  02010 as a2200517 a 4500
=001  007195106
=003  Uk
=005  20050209152404.0
=006  m\\\\\\\\d\|\\\\\\
=007  cr||||||||||||
=008  040416c199u9999xxuuu\p\s\\\\\0\\\a0eng\\
=FMT  \\$a  SE
=040  \\$aUk$beng$cUk
=042  \\$aukblsr
=082  04$a338.47$222
=245  00$aFrost & Sullivan$h[electronic resource].
=246  1\$iAlso known as:$aFrost.com
=246  2\$aFrost and Sullivan
=260  \\$a[United States] :$bFrost & Sullivan.
=336  \\$atext$2rdacontent
=337  \\$acomputer$2rdamedia
=338  \\$aonline resource$2rdacarrier
=538  \\$aMode of access: World Wide Web.
=500  \\$aTitle from web site (viewed on 27th Jan. 2005)
=520  \\$aIn-depth market research and strategy reports with European and global coverage. Includes the following key industry sectors: healthcare, chemicals, IT, telecoms, electronics, industry, transportation, energy, aerospace and defence. Covers 1998 to present, updated as new reports are produced.
=650  \0$aMarket surveys
=690  7\$aManagement and Business Studies$2blcoll
=710  2\$aFrost & Sullivan.
=856  40$uhttp://www.frost.com$zFor subscribers only, requires user name and password; BL Reading Room access
=852  41$aBritish Library$bSTI$je-media
=A02  \\$a3019463$z0
=CAT  \\$aCONV$b00$c20040425$lBLL90$h0713
=CAT  \\$aCONV$b00$c20040502$lBLL01$h1212
=CAT  \\$a3072$b40$c20050127$lBLL01$h1402
=CAT  \\$a3072$b40$c20050209$lBLL01$h1112
=CAT  \\$a3072$b40$c20050209$lBLL01$h1524
=CAT  \\$aBATCH$b00$c20090517$lBLL01$h1818
=CAT  \\$aBATCH$b00$c20091207$lBLL01$h0416
=CAT  \\$aBATCH$b00$c20091214$lBLL01$h0222
=CAT  \\$aBATCH$b00$c20091216$lBLL01$h0041
=CAT  \\$aBATCH-UPD$b00$c20131021$lBLL01$h1141
=FIN  \\$aY$d20050209
=SRC  \\$aDSS03$bbibsr.200404.2.aa
=STA  \\$aSUPPRESSED$bDatabase
=TCO  \\$aTRS$bCCC$c008
=LAS  \\$aBATCH-UPD$b00$c20131021$lBLL01$h1141

