=LDR  03176 ai a2200709 a 4500
=001  007195247
=003  Uk
=005  20131112121734.0
=006  m\\\\\\\\d\|\\\\\\
=007  cr||||||||||||
=008  040416d1999201uenkdr\d\oi\\\\0\\\a2eng\\
=FMT  \\$a  SE
=040  \\$aUk$beng$cUk$dUk
=042  \\$aukblsr
=082  04$a016.34$222
=245  00$aIndex to legal periodicals & books full text$h[electronic resource].
=246  3\$aIndex to legal periodicals and books full text
=246  13$aIndex to legal periodicals fulltext
=246  1\$iAlso known as:$aLegal periodicals and books
=246  3\$aILP
=247  10$aIndex to legal periodicals full text
=260  \\$3<2005-2011>$aBronx, NY :$bH.W. Wilson.
=260  3\$3<2012->$aIpswich, MA :$bEBSCO Publishing.
=310  \\$aUpdated daily
=336  \\$atext$2rdacontent
=337  \\$acomputer$2rdamedia
=338  \\$aonline resource$2rdacarrier
=362  1\$aBegan in 1999. Ceased in 2012?
=500  \\$aDescription based on version viewed Jan. 16, 2012 (EBSCO); title from search screen.
=538  \\$aMode of access: World Wide Web.
=520  \\$aBibliographic database that cites articles from legal periodicals, and indexes law books. Full text coverage for selected periodicals also included. Periodical coverage includes law reviews, bar association journals, university publications, yearbooks, institutes, and government publications. Covers all areas of jurisprudence, including recent court decisions, new legislation, and original scholarship. Country coverage includes United States, Canada, Great Britain, Ireland, Australia and New Zealand.
=650  \0$aLaw$zUnited States$vIndexes.
=650  \0$aLaw$zCanada$vIndexes.
=650  \0$aLaw$zGreat Britain$vIndexes.
=650  \0$aLaw$zIreland$vIndexes.
=650  \0$aLaw$zAustralia$vIndexes.
=650  \0$aLaw$zNew Zealand$vIndexes.
=787  0\$tIndex to legal periodicals & books$x1079-4719
=856  40$uhttp://search.ebscohost.com$zFor subscribers only, requires user name and password; BL Reading Room acess
=856  4\$uhttp://hwwilsonweb.com$zNo longer valid as of: 02/01/2012
=852  41$aBritish Library$bSTI$je-media
=A02  \\$a3022268$z0
=CAT  \\$aCONV$b00$c20040425$lBLL90$h0713
=CAT  \\$aCONV$b00$c20040502$lBLL01$h1212
=CAT  \\$a3072$b40$c20050113$lBLL01$h1655
=CAT  \\$a3072$b40$c20050202$lBLL01$h1435
=CAT  \\$a3072$b40$c20050211$lBLL01$h1656
=CAT  \\$a3072$b40$c20050311$lBLL01$h1143
=CAT  \\$aBATCH$b00$c20091207$lBLL01$h0417
=CAT  \\$aBATCH$b00$c20091214$lBLL01$h0222
=CAT  \\$aBATCH$b00$c20091216$lBLL01$h0041
=CAT  \\$a3072$b40$c20120126$lBLL01$h1224
=CAT  \\$a3072$b40$c20120126$lBLL01$h1328
=CAT  \\$a3072$b40$c20120126$lBLL01$h1331
=CAT  \\$aBATCH-UPD$b40$c20131021$lBLL01$h1141
=CAT  \\$a7778$b40$c20131112$lBLL01$h1217
=FIN  \\$aY$d20050211
=LKR  \\$aPAR$b009847851$lBLL01$r776$mIndex to legal periodicals full text$nIndex to legal periodicals & books.
=SRC  \\$aDSS03$bbibsr.200404.2.aa
=STA  \\$aSUPPRESSED$bDatabase
=TCO  \\$aCLA$bCLA$c008
=LAS  \\$a7778$b40$c20131112$lBLL01$h1217

