=LDR  02241 as a2200553 a 4500
=001  007195259
=003  Uk
=005  20050210173728.0
=006  m\\\\\\\\d\|\\\\\\
=007  cr||||||||||||
=008  040416c199u9999enkqr\p\sai\\\0\\\a0eng\\
=FMT  \\$a  SE
=015  \\$aGBA485164$2bnb
=037  \\$aNo price
=040  \\$aUk$beng$cUk
=042  \\$aukblsr
=082  04$a150$222
=245  00$aHealth and psychosocial instruments$h[electronic resource].
=246  1\$iAlso known as:$aHAPI
=260  \\$a[New York, N.Y. ; London (Merlin House, 20 Belmont Terrace, Chiswick, W4 5UG) :$bOvid Technologies]
=310  \\$aUpdated quarterly
=336  \\$atext$2rdacontent
=337  \\$acomputer$2rdamedia
=338  \\$aonline resource$2rdacarrier
=538  \\$aMode of access: World Wide Web.
=500  \\$aTitle from database selection screen (viewed on 26 Nov. 2004)
=520  \\$aProvides access to information about measuring instruments in the fields of health, psychology, organisational behaviour and library and information science. Covers questionnaires, interview schedules, checklists, coding schemes/manuals, rating scales, projective techniques, vignettes/scenarios and tests.
=650  \0$aBehavioral assessment.
=650  \0$aOutcome assessment (Medical care)
=650  \0$aPsychological tests.
=856  40$uhttp://gateway.ut.ovid.com/gw1/ovidweb.cgi$zFor subscribers only, requires user name and password; BL Reading Room access
=852  41$aBritish Library$bSTI$je-media
=A02  \\$a3019269$z0
=CAT  \\$aCONV$b00$c20040425$lBLL90$h0713
=CAT  \\$aCONV$b00$c20040502$lBLL01$h1212
=CAT  \\$a3072$b40$c20041126$lBLL01$h1020
=CAT  \\$a3072$b40$c20041126$lBLL01$h1023
=CAT  \\$a3072$b40$c20041126$lBLL01$h1431
=CAT  \\$a3072$b40$c20050210$lBLL01$h1623
=CAT  \\$a3072$b40$c20050210$lBLL01$h1737
=CAT  \\$aBATCH$b00$c20091207$lBLL01$h0417
=CAT  \\$aBATCH$b00$c20091214$lBLL01$h0222
=CAT  \\$aBATCH$b00$c20091216$lBLL01$h0041
=CAT  \\$aBATCH-UPD$b00$c20131021$lBLL01$h1141
=FIN  \\$aY$d20050210
=SRC  \\$aDSS03$bbibsr.200404.2.aa
=STA  \\$aSUPPRESSED$bDatabase
=TCO  \\$aCLA$bCLA$c008
=LAS  \\$aBATCH-UPD$b00$c20131021$lBLL01$h1141

