=LDR  01771 as a2200529 a 4500
=001  007199146
=003  Uk
=005  20050216160407.0
=006  m\\\\\\\\d\|\\\\\\
=007  cr||||||||||||
=008  040416c199u9999xxudr\p\s\\\\\0\\\a0eng\\
=FMT  \\$a  SE
=040  \\$aUk$beng$cUk
=041  0\$aeng$amul
=042  \\$aukblsr
=082  04$a330$222
=245  00$aABI/INFORM global$h[electronic resource].
=260  \\$aAnn Arbor, Mich. :$bProQuest.
=310  \\$aUpdated daily
=336  \\$atext$2rdacontent
=337  \\$acomputer$2rdamedia
=338  \\$aonline resource$2rdacarrier
=538  \\$aMode of access: World Wide Web.
=546  \\$aInterface in multiple lanaguages.
=500  \\$aTitle from search screen (viewed on 16 Feb. 2005)
=520  \\$aFull text articles from over 1000 leading business publications. Covers 1971 to present.
=650  \0$aBusiness.
=650  \0$aBusiness$vIndexes.
=650  \0$aManagement.
=650  \0$aManagement$vIndexes.
=690  7\$aManagement and Business Studies$2blcoll
=856  40$uhttp://www.proquestcompany.com$zFor subscribers only; BL Reading Room access
=852  41$aBritish Library$bHMNTS$je-media
=A02  \\$a3026072$z0
=CAT  \\$aCONV$b00$c20040425$lBLL90$h0713
=CAT  \\$aCONV$b00$c20040502$lBLL01$h1212
=CAT  \\$a3072$b40$c20050216$lBLL01$h1604
=CAT  \\$aBATCH$b00$c20090517$lBLL01$h1818
=CAT  \\$aBATCH$b00$c20091207$lBLL01$h0418
=CAT  \\$aBATCH$b00$c20091214$lBLL01$h0223
=CAT  \\$aBATCH$b00$c20091216$lBLL01$h0043
=CAT  \\$aBATCH-UPD$b00$c20131021$lBLL01$h1141
=FIN  \\$aY$d20050216
=SRC  \\$aDSS03$bbibsr.200404.2.aa
=STA  \\$aSUPPRESSED$bDatabase
=TCO  \\$aTRS$bCCC$c008
=LAS  \\$aBATCH-UPD$b00$c20131021$lBLL01$h1141

