=LDR  03310cai a2200709 i 4500
=001  019860310
=003  Uk
=005  20230223171646.0
=006  m\\\\\o\\d\\\\\\\\
=007  cr\mn||||u||||
=008  051121c18519999miuar\deo\\\\\0\\\a2eng\c
=FMT  \\$a  SE
=010  \\$a  2015254027
=035  \\$a(OCoLC)62313540$z(OCoLC)60565486$z(OCoLC)61523605$z(OCoLC)587473368$z(OCoLC)722297026$z(OCoLC)795110373$z(OCoLC)849563318$z(OCoLC)855300379$z(OCoLC)858648789$z(OCoLC)871802246$z(OCoLC)964529721
=040  \\$aEMU$beng$cEMU$dZYU$dLRU$dOCLCO$dOCLCQ$dOSU$dNUI$dOCLCF$dLGG$dQGK$dIAS$dOCLCO$dVT2$dUAT$dCUS$dOCLCO$dNRC$dOCLCQ$dCCH$dHCO$dOCLCO$dOCL$dOCLCQ$dYUS$dUk$erda
=042  \\$aukblsr
=043  \\$an-us-ny
=050  14$aPN4899.N45
=082  04$a071.471$223
=084  \\$a01.42$2bcl
=245  00$aProQuest historical newspapers.$pThe New York times with index.
=246  3\$aNew York times
=246  1\$aHistorical New York times
=246  1\$aNews -- the historical New York times
=246  1\$aNew York Times historical
=247  10$aProQuest historical newspapers.$pNew York times
=264  \1$a[Ann Arbor] :$bProQuest LLC
=300  \\$a1 online resource
=310  \\$aUpdated annually
=336  \\$atext$2rdacontent
=337  \\$acomputer$2rdamedia
=338  \\$aonline resource$2rdacarrier
=520  \\$aThis database offers full-page images and article images from the New York Times dating back to 1851 (called New York daily times, 1851-1857). Digital reproductions of every page from every issue, cover to cover, in downloadable PDF files. It provides genealogists, researchers and scholars with online, easily-searchable first-hand accounts and coverage of the politics, society and events of the time.
=588  \\$aDescription based on search screen (viewed July 29, 2020).
=650  \0$aAmerican newspapers$zUnited States.
=651  \0$aNew York (N.Y.)$vNewspapers.
=650  \7$aAmerican newspapers.$2fast$0(OCoLC)fst00807293
=651  \7$aNew York (State)$zNew York.$2fast$0(OCoLC)fst01204333
=651  \7$aUnited States.$2fast$0(OCoLC)fst01204155
=655  \7$aDatabases.$2fast$0(OCoLC)fst01411643
=655  \7$aNewspapers.$2fast$0(OCoLC)fst01423814
=710  2\$aProQuest (Firm),$eissuing body.
=752  \\$aUnited States$bNew York$dNew York.
=773  08$iContained in (work):$tProQuest historical newspapers.$d[Ann Arbor, Mich.] : UMI
=776  08$iPrint version:$tNew-York daily times
=776  08$iPrint version:$tNew York times$x0362-4331
=776  08$iMicrofilm version:$tNew-York daily times
=776  08$iMicrofilm version:$tNew York times
=856  40$uhttp://search.proquest.com/hnpnewyorktimes$zTo subscribe
=852  41$aBritish Library$bHMNTS$je-media
=985  \\$aRecord derived for invoice processing purpose; catalogued via VPN July 2020.
=985  \\$aUpdated by MS generated file for WR2302-017
=CAT  \\$a3072$b40$c20200729$lBLL01$h1503
=CAT  \\$a3072$b40$c20200729$lBLL01$h1507
=CAT  \\$a3072$b40$c20200729$lBLL01$h1532
=CAT  \\$a3072$b40$c20200729$lBLL01$h1534
=CAT  \\$a3072$b40$c20200729$lBLL01$h1545
=CAT  \\$aW2302-0174$c20230223$lBLL01$h2046
=FIN  \\$aY$d20200729
=SID  \\$aZ39$bOCLC
=STA  \\$aSUPPRESSED$bDatabase
=LAS  \\$aW2302-0174$b00$c20230223$lBLL01$h2046

