=LDR  03048cai a2200685 i 4500
=001  019860312
=003  Uk
=005  20230223171646.0
=006  m\\\\\o\\d\\\\\\\\
=007  cr\unu||||||||
=008  920403d18592010ie\uu\weo\\\\\0\\\a2eng\d
=FMT  \\$a  SE
=035  \\$a(OCoLC)780956112
=040  \\$aLGG$beng$cLGG$dOCLCQ$dOCLCF$dOCLCO$dOCLCA$dOCLCQ$dOCLCA$dCUY$dCUS$dUk
=042  \\$aukblsr
=043  \\$ae-ie---
=050  \4$aAN
=082  04$a072.91835$223
=245  00$aProQuest historical newspapers.$pThe Irish times and the Weekly Irish times.
=246  1\$aIrish times and the Weekly Irish times
=246  1\$aHistorical Irish times and the weekly Irish times
=246  10$aIrish times
=246  10$aWeekly Irish times (1876-1958)
=247  10$aProQuest historical newspapers.$pThe Irish times$f<Feb. 2, 2011>
=260  \\$a[Ann Arbor, Mich.] :$bProQuest LLC
=300  \\$a1 online resource
=310  \\$aUpdated annually with 10 year embargo
=336  \\$atext$2rdacontent
=337  \\$acomputer$2rdamedia
=338  \\$aonline resource$2rdacarrier
=538  \\$aMode of access: World Wide Web.
=520  \\$aOffers full page and article images with searchable full text back to the first issue. The collection includes digital reproductions providing access to every page from every available issue for the following titles: Irish pictorial (1957-1958), Irish times (1859-1859), Irish times (1874-1920), Irish times (1921- current file), Irish times and daily advertiser (1859-1874), Pictorial (1955-1957), Times pictorial (1941-1955), Weekly Irish times (1876-1920), and Weekly Irish times (1921-1941).
=588  0\$aVersion viewed July 29, 2020; title from search screen.
=651  \0$aDublin (Ireland)$vNewspapers.
=651  \0$aIreland$vNewspapers.
=651  \7$aIreland.$2fast$0(OCoLC)fst01205427
=651  \7$aIreland$zDublin.$2fast$0(OCoLC)fst01205505
=655  \7$aDatabases.$2fast$0(OCoLC)fst01411643
=655  \7$aHistory.$2fast$0(OCoLC)fst01411628
=655  \7$aNewspapers.$2fast$0(OCoLC)fst01423814
=655  \7$aSources.$2fast$0(OCoLC)fst01423900
=730  02$aIrish times (Dublin, Ireland : 1859)
=730  02$aIrish times (Dublin, Ireland : 1874)
=730  02$aIrish pictorial (Dublin, Ireland)
=730  02$aIrish times and daily advertiser
=730  02$aPictorial (Dublin, Ireland)
=730  02$aWeekly Irish times
=730  02$aTimes pictorial
=752  \\$aIreland$dDublin.
=773  08$iContained in (work):$tProQuest historical newspapers.$d[Ann Arbor, Mich.] : UMI
=856  40$uhttp://search.proquest.com/hnpirishtimes/advanced$zTo search
=852  41$aBritish Library$bHMNTS$je-media
=985  \\$aRecord derived for invoice processing purpose via VPN July 2020.
=985  \\$aUpdated by MS generated file for WR2302-017
=CAT  \\$a3072$b40$c20200729$lBLL01$h1604
=CAT  \\$aW2302-0174$c20230223$lBLL01$h2046
=FIN  \\$aY$d20200729
=SID  \\$aZ39$bOCLC
=STA  \\$aSUPPRESSED$bDatabase
=LAS  \\$aW2302-0174$b00$c20230223$lBLL01$h2046

