=LDR  01388 am a22003855a 4500
=001  017708164
=003  Uk
=005  20160118123521.0
=008  150105s2014\\\\ja\\\\\\\\\\\\000\0\jpn\d
=FMT  \\$a  BK
=020  \\$a9784873102184
=020  \\$a4873102189
=035  \\$a(OCoLC)899204266
=040  \\$aTRCLS$beng$cTRCLS$dOCLCQ
=042  \\$aukblderived
=084  \\$a913.6$2njb/9
=100  1\$6880-01$aMaruko.
=245  10$6880-02$aNetoge haijin no tame no shin'yaku seisho :$bmaruko ni yoru fukuinsho /$cMaruko.
=260  \\$6880-03$a[Place of publication not identified] :$bAnkokutsūshindan,$c2014.
=300  \\$a40 pages ;$c21 cm
=336  \\$atext$2rdacontent
=336  \\$atext$btxt$2rdacontent
=337  \\$aunmediated$2rdamedia
=337  \\$aunmediated$bn$2rdamedia
=338  \\$avolume$2rdacarrier
=338  \\$avolume$bnc$2rdacarrier
=856  4\$uhttp://www.bookportal.jp/trcno/15001010/?partnerid=oclc&siteid=oclc$zJapanese record available for display
=880  1\$6100-01$aマルコ.
=880  10$6245-02$aネトゲ廃人のための新約聖書 :$bマルコによる福音書 /$cマルコ著.
=880  \\$6260-03$a[柏] :$b暗黒通信団,$c2014.
=852  41$aBritish Library$bOC$jJPN.2016.a.17
=CAT  \\$a13812$b40$c20160118$lBLL01$h1235
=SID  \\$aZ39$bOCLC
=STA  \\$aSUPPRESSED$bPreliminary Record
=LAS  \\$a13812$b40$c20160118$lBLL01$h1235

