=LDR  01661 am a22004335a 4500
=001  017708167
=003  Uk
=005  20160118124438.0
=008  151005s2015\\\\ja\\\\\\\\\\\\000\0\jpn\d
=FMT  \\$a  BK
=020  \\$a9784873100210
=020  \\$a4873100216
=035  \\$a(OCoLC)922843739
=040  \\$aTRCLS$beng$cTRCLS$dOCLCQ
=042  \\$aukblderived
=084  \\$a589.77$2njb/9
=100  1\$6880-01$aKimura, Shūichi.
=245  10$6880-02$aYahari ore no soshage kakin wa machigatte iru darōka /$cKimura Shūichi.
=260  \\$6880-03$a[Place of publication not identified] :$bAnkokutsūshindan,$c2015.
=300  \\$a40 pages ;$c21 cm
=336  \\$atext$2rdacontent
=336  \\$atext$btxt$2rdacontent
=337  \\$aunmediated$2rdamedia
=337  \\$aunmediated$bn$2rdamedia
=338  \\$avolume$2rdacarrier
=338  \\$avolume$bnc$2rdacarrier
=650  07$6880-04$aGēmu sangyō.$2jlabsh/4
=650  07$6880-05$aSōsharu nettowākingu sābisu.$2jlabsh/4
=856  4\$uhttp://www.bookportal.jp/trcno/15049755/?partnerid=oclc&siteid=oclc$zJapanese record available for display
=880  1\$6100-01$aきむら秀一.
=880  10$6245-02$aやはり俺のソシャゲ課金は間違っているだろうか /$cきむら秀一著.
=880  \\$6260-03$a[柏] :$b暗黒通信団,$c2015.
=880  07$6650-04$aゲーム産業.$2jlabsh/4
=880  07$6650-05$aソーシャルネットワーキングサービス.$2jlabsh/4
=852  41$aBritish Library$bOC$jJPN.2016.a.14
=CAT  \\$a13812$b40$c20160118$lBLL01$h1244
=SID  \\$aZ39$bOCLC
=STA  \\$aSUPPRESSED$bPreliminary Record
=LAS  \\$a13812$b40$c20160118$lBLL01$h1244

