=LDR  01102 am a22003253i 4500
=001  017708175
=003  Uk
=005  20160118125704.0
=008  151102s2015\\\\ja\\\\\\\\\\\\000\0\jpn\d
=FMT  \\$a  BK
=020  \\$a9784873100920
=020  \\$a4873100925
=035  \\$a(OCoLC)927288957
=040  \\$aTRCLS$beng$cTRCLS
=084  \\$a491.74$2njb/9
=245  00$6880-01$aDaichōkin ō ichigonana no subete.
=260  \\$6880-02$a[S.l.] :$bAnkokutsūshindan,$c2015.
=300  \\$a112 p. ;$c21 cm.
=650  07$6880-03$aDaichōkin.$2jlabsh/4
=856  4\$uhttp://www.bookportal.jp/trcno/15715359/?partnerid=oclc&siteid=oclc$zJapanese record available for display
=880  00$6245-01$a大腸菌O157のすべて.
=880  \\$6250-00$a第2版
=880  \\$6260-02$a[柏] :$b暗黒通信団,$c2015.
=880  07$6650-03$a大腸菌.$2jlabsh/4
=852  41$aBritish Library$bOC$jJPN.2016.a.16
=CAT  \\$a13812$b40$c20160118$lBLL01$h1253
=CAT  \\$a13812$b40$c20160118$lBLL01$h1257
=SID  \\$aZ39$bOCLC
=STA  \\$aSUPPRESSED$bPreliminary Record
=LAS  \\$a13812$b40$c20160118$lBLL01$h1257

