=LDR  01666 ai a2200421 i 4500
=001  017849601
=003  Uk
=005  20160517141504.0
=006  m\\\\\\\\d\|\\\\\\
=007  cr||||||||||||
=008  141210c200u9999enkuu\d\o\\\\\0\\\a2eng\\
=FMT  \\$a  SE
=015  \\$aGBB666405$2bnb
=040  \\$aUk$beng$cUk$erda
=042  \\$aukblsr
=082  04$a328.41$223
=245  00$aOfficial publications online /$cTSO.
=246  1\$iAlso known as:$aOPO
=264  \1$a[Norwich] :$bTSO
=336  \\$atext$2rdacontent
=337  \\$acomputer$2rdamedia
=338  \\$aonline resource$2rdacarrier
=362  1\$aBegan in 2009?
=520  \\$aA web based service from TSO that offers instant, searchable access to official publications, including legislation, Lords and Commons papers and bills, Hansard, Public Bill Committee debates, the Vote Bundle and the UK official gazettes. Covers 2000 to date.
=588  \\$aDescription based on contents viewed on May 17, 2016; title from home page.
=650  \0$aGovernment publications$zGreat Britain$vDatabases.
=650  \7$aGovernment publications$2fast$0(OCoLC)fst00945492
=650  \7$aGreat Britain$2fast$0(OCoLC)fst01204623
=650  \7$aDatabases$2fast$0(OCoLC)fst01411643
=710  2\$aStationery Office (Great Britain),$eissuing body.
=856  40$uhttp://www.officialpublicationsonline.co.uk/$zFor subscribers only
=852  41$aBritish Library$bHMNTS$je-media
=CAT  \\$a3072$b40$c20160517$lBLL01$h1212
=CAT  \\$a3072$b40$c20160517$lBLL01$h1217
=CAT  \\$a3072$b40$c20160517$lBLL01$h1415
=FIN  \\$aY$d20160517
=STA  \\$aSUPPRESSED$bDatabase
=LAS  \\$a3072$b40$c20160517$lBLL01$h1415

