=LDR  02640 ai a2200541 a 4500
=001  018072290
=003  Uk
=005  20161024170040.0
=006  m\\\\\o\\d\\\\\\\\
=007  cr\|||||||||||
=008  990512c20039999enkuu\d\o\ar\\0\\\a2eng\d
=FMT  \\$a  SE
=015  \\$aGBB6E4410$2bnb
=035  \\$a(OCoLC)166704611
=040  \\$aQCL$beng$cQCL$dLGG$dOCLCF$dOCLCO$dOCLCQ$dUk
=042  \\$aukblsr
=043  \\$ae-uk---
=082  04$a016.30526
=245  00$aAgeInfo :$bresources for gerontologists.
=246  3\$aAge info
=260  \\$aLondon :$bLibrary and Information Service, Centre for Policy on Ageing
=336  \\$atext$2rdacontent
=337  \\$acomputer$2rdamedia
=338  \\$aonline resource$2rdacarrier
=362  1\$aBegan in 2003?
=588  0\$aVersion viewed Feb. 11, 2014; title from homepage.
=520  \\$aAn information resource on gerontology from the Centre for Policy on Ageing in London, England. Includes access to bibliographic databases on gerontology and links to related web sites including the World of Ageing and international calendar of events. Bibliographic database of over 40,000 books articles and reports from the specialist collection on Social Gerontology held at the Centre for Policy on Ageing.
=650  \7$aGerontology.$2fast$0(OCoLC)fst00942204
=650  \7$aOlder people.$2fast$0(OCoLC)fst01199093
=651  \7$aGreat Britain.$2fast$0(OCoLC)fst01204623
=650  \0$aGerontology$zGreat Britain$vDatabases.
=650  \0$aOlder people$zGreat Britain$vDatabases.
=655  \7$aDatabases.$2fast$0(OCoLC)fst01411643
=710  2\$aCentre for Policy on Ageing (London, England).$bInformation Service,$eissuing body.
=776  08$iCD-ROM version, -2015:$tAgeInfo CD-ROM
=856  40$uhttp://www.cpa.org.uk/ageinfo/ageinfo2.html$zTo subscribe
=852  41$aBritish Library$bHMNTS$je-media
=985  \\$aAcquisitions-only record. Reading Room just links to search screen with title "Age" and "info" under it. Have derived a record for the whole resource (called Ageinfo) comprising search screen, plus other searchable bib databases, United Kingdom general resources, etc. The resulting record is very little different, but title info matches resource this way.
=CAT  \\$a10902$b40$c20161021$lBLL01$h1446
=CAT  \\$a10902$b40$c20161021$lBLL01$h1447
=CAT  \\$a3072$b40$c20161024$lBLL01$h1521
=CAT  \\$a3072$b40$c20161024$lBLL01$h1555
=CAT  \\$a3072$b40$c20161024$lBLL01$h1633
=CAT  \\$a3072$b40$c20161024$lBLL01$h1700
=FIN  \\$aY$d20161024
=SID  \\$aZ39$bOCLC
=STA  \\$aSUPPRESSED$bDatabase
=LAS  \\$a3072$b40$c20161024$lBLL01$h1700

