=LDR  01581cam a2200445 a 4500
=001  015112445
=003  Uk
=005  20130808133342.0
=008  090216s2009\\\\ja\\\\\\\\\\\\000\0\jpn\d
=FMT  \\$a  BK
=020  \\$a9784784214440
=020  \\$a4784214445
=035  \\$a(OCoLC)308170468
=040  \\$aTRCLS$cTRCLS
=084  \\$a910.268$2njb/9
=245  00$6880-01$aKōda rohan no sekai /$cInami Ritsuko, Inoue Shōichi kyōhen.
=260  \\$6880-02$aKyōto :$bShibunkaku Shuppan,$c2009.
=300  \\$a313 p. ;$c22 cm.
=336  \\$atext$2rdacontent
=337  \\$aunmediated$2rdamedia
=338  \\$avolume$2rdacarrier
=600  14$6880-03$aKōda, Rohan.
=700  1\$6880-04$aInami, Ritsuko.
=700  1\$6880-05$aInoue, Shōichi.
=856  4\$uhttp://www.bk1.jp/trcno/09008193/?partnerid=oclc&siteid=oclc$zJapanese record available for display
=880  00$6245-01$a幸田露伴の世界 /$c井波律子, 井上章一共編.
=880  \\$6260-02$a京都 :$b思文閣出版,$c2009.
=880  \\$6500-00$a幸田露伴〓略年譜:p310-313
=880  14$6600-03$a幸田露伴.
=880  1\$6700-04$a井波律子.
=880  1\$6700-05$a井上章一.
=852  41$aBritish Library$bOC$jYP.2009.a.4243
=CAT  \\$a2717$b40$c20090415$lBLL01$h1218
=CAT  \\$aWR12170$c20121116$lBLL01$h1702
=CAT  \\$a7565$b40$c20130808$lBLL01$h1333
=CAT  \\$aBATCH-UPD$b40$c20230504$lBLL01$h1706
=CAT  \\$aW2308-1659$c20230923$lBLL01$h1017
=SID  \\$aZ39$bOCLC
=STA  \\$aSUPPRESSED$bPreliminary Record
=LAS  \\$aW2308-1659$b00$c20230923$lBLL01$h1017

