=LDR  01872cam a2200517 a 4500
=001  015112453
=003  Uk
=005  20090415122928.0
=008  081021s2008\\\\ja\\\\\\\\\\\\000\0\jpn\\
=FMT  \\$a  BK
=020  \\$a9784062584241 (v. 1)
=020  \\$a4062584247 (v. 1)
=020  \\$a9784062584258 (v. 2)
=020  \\$a4062584255 (v. 2)
=035  \\$a(OCoLC)299115207
=040  \\$aAU@$beng$cAU@
=084  \\$a384.7$2njb/9
=245  00$6880-01$aSeiyoku no bunkashi /$cInoue Shōichi hen.
=260  \\$6880-02$aTōkyō :$bKōdansha,$c2008.
=300  \\$a2 v. ;$c19 cm.
=336  \\$atext$2rdacontent
=337  \\$aunmediated$2rdamedia
=338  \\$avolume$2rdacarrier
=490  1\$6880-03$aKōdansha sensho mechie ;$v424-425
=650  07$6880-04$aSei-Rekishi.$2jlabsh/4
=650  07$6880-05$aSeifūzoku-Rekishi.$2jlabsh/4
=700  1\$6880-06$aInoue, Shōichi,$d1955-
=856  42$uhttp://www.bk1.jp/trcno/08052565/?partnerid=oclc&siteid=oclc$zLink to online bookshop
=880  00$6245-01$a性欲の文化史 /$c井上章一編.
=880  \\$6260-02$a東京 :$b講談社,$c2008.
=880  \0$6440-03$a講談社選書メチエ ;$v424
=880  07$6650-04$a性-歴史$2jlabsh/4
=880  07$6650-05$a性風俗-歴史$2jlabsh/4
=880  1\$6700-06$a井上章一,$d1955-
=830  \0$6880-03$aKōdansha sensho mechie$v424-425.
=852  41$aBritish Library$bOC$jYP.2009.a.4244
=CAT  \\$a2717$b40$c20090415$lBLL01$h1229
=CAT  \\$aBATCH-UPD$b40$c20090415$lBLL01$h1229
=CAT  \\$aBATCH$b00$c20091217$lBLL01$h0541
=CAT  \\$aBATCH$b00$c20100103$lBLL01$h1332
=CAT  \\$aBATCH-UPD$b00$c20120113$lBLL01$h2045
=CAT  \\$aWR12170$c20121116$lBLL01$h1702
=CAT  \\$aW2308-1659$c20230923$lBLL01$h1017
=SID  \\$aZ39$bOCLC
=STA  \\$aSUPPRESSED$bPreliminary Record
=LAS  \\$aW2308-1659$b00$c20230923$lBLL01$h1017

