=LDR  02106cam a2200565 a 4500
=001  015260543
=003  Uk
=005  20090519115409.0
=008  081203s2008\\\\ja\a\\\\\b\\\\000\0bjpn\c
=FMT  \\$a  BK
=020  \\$a9784642052481
=020  \\$a4642052488
=035  \\$a(OCoLC)276979838
=040  \\$aTRCLS$cTRCLS$dUMC
=042  \\$apcc
=043  \\$aa-ja---
=050  \4$aPL799.T335$bZ85 2008
=084  \\$a910.25$2njb/9
=100  1\$6880-01$aSeki, Tamiko,$d1945-
=245  10$6880-02$aTadano Makuzu /$cSeki Tamiko cho ; Nihon Rekishi Gakkai henshū.
=250  \\$6880-03$aDai 1-han.
=260  \\$6880-04$aTōkyō :$bYoshikawa Kōbunkan,$c2008.
=300  \\$a16, 283 p. :$bill. ;$c19 cm.
=336  \\$atext$2rdacontent
=337  \\$aunmediated$2rdamedia
=338  \\$avolume$2rdacarrier
=490  1\$6880-05$aJinbutsu sōsho ;$v255
=504  \\$aIncludes bibliographical references (p. 281-283).
=600  10$6880-06.$aTadano, Makuzu,$d1763?-1825
=651  \0$aJapan$xIntellectual life$y1600-1868.
=650  \0$aWomen authors, Japanese$yEdo period, 1600-1868$vBiography.
=830  \0$6880-07$aJinbutsu sōsho (Shinsōban)$v255.
=856  4\$uhttp://www.bk1.jp/trcno/08060783/?partnerid=oclc&siteid=oclc$zJapanese record available for display
=880  1\$6100-01$a関民子,$d1945-
=880  10$6245-02$a只野真葛 /$c関民子著 ; 日本歴史学会編集.
=880  \\$6250-03$a第1版.
=880  \\$6260-04$a東京 :$b吉川弘文館,$c2008.
=880  1\$6490-05$a人物叢書 ;$v255
=880  14$6600-06$a只野真葛,$d1763?-1825.
=880  \0$6830-07$a人物叢書 (Shinsōban) ;$v255
=852  41$aBritish Library$bOC$j16236.d.255
=CAT  \\$a2717$b40$c20090519$lBLL01$h1154
=CAT  \\$aBATCH-UPD$b40$c20090519$lBLL01$h1154
=CAT  \\$aWR12170$c20121116$lBLL01$h1702
=CAT  \\$aBATCH-UPD$b00$c20121116$lBLL01$h1818
=CAT  \\$aBATCH-UPD$b00$c20160823$lBLL01$h2106
=CAT  \\$aW2308-1659$c20230923$lBLL01$h1019
=SID  \\$aZ39$bOCLC
=STA  \\$aSUPPRESSED$bPreliminary Record
=LAS  \\$aW2308-1659$b00$c20230923$lBLL01$h1019

