=LDR  02210cam a2200601 a 4500
=001  015260553
=003  Uk
=005  20090519120045.0
=008  081229s2009\\\\ja\\\\\\\\\\\\000\0\jpn\d
=FMT  \\$a  BK
=020  \\$a9784642052498
=020  \\$a4642052496
=035  \\$a(OCoLC)294937684
=040  \\$aTRCLS$cTRCLS$dCOO
=043  \\$aa-ja---
=050  \4$aDS856.72.H45$bH37 2009
=084  \\$a288.41$2njb/9
=100  1\$6880-01$aHaruna, Hiroaki.
=245  10$6880-02$aHeizei tennō /$cHaruna Hiroaki.
=260  \\$6880-03$aTōkyō :$bYoshikawakōbunkan,$c2009.
=300  \\$a275 p. ;$c19 cm.
=336  \\$atext$2rdacontent
=337  \\$aunmediated$2rdamedia
=338  \\$avolume$2rdacarrier
=490  1\$6880-04$aJinbutsu sōsho shinsōban
=504  \\$aIncludes bibliographical references (p. 265-275).
=600  14$6880-05$aHeizei tennō.
=600  00$6880-06.$aHeizei,$cEmperor of Japan,$d774-824
=650  \0$aEmperors$zJapan$vBiography.
=856  4\$uhttp://www.bk1.jp/trcno/09000797/?partnerid=oclc&siteid=oclc$zJapanese record available for display
=880  1\$6100-01$a春名宏昭.
=880  10$6245-02$a平城天皇 /$c春名宏昭著.
=880  \\$6260-03$a東京 :$b吉川弘文館,$c2009.
=880  \\$6250-00$a第 1版.
=880  \0$6440-04$a人物叢書新装版
=880  1\$6490-00$a人物叢書, 新装版 ;$v[通卷 256]
=880  \\$6500-00$a略年譜:p256-264 文献:p265-275
=880  14$6600-05$a平城天皇.
=880  04$6600-06$a平城,$cEmperor of Japan,$d774-824.
=880  2\$6710-00$a日本歴史学会.
=880  \0$6830-00$a人物叢書 (Shinsōban) ;$v通卷 256.
=830  \0$6880-04$aJinbutsu sōsho (Shinsōban)
=852  41$aBritish Library$bOC$j16236.d.256
=CAT  \\$a2717$b40$c20090519$lBLL01$h1200
=CAT  \\$aBATCH-UPD$b40$c20090519$lBLL01$h1201
=CAT  \\$aBATCH$b00$c20091217$lBLL01$h0541
=CAT  \\$aBATCH$b00$c20100103$lBLL01$h1332
=CAT  \\$aWR12170$c20121116$lBLL01$h1702
=CAT  \\$aBATCH-UPD$b00$c20121116$lBLL01$h1818
=CAT  \\$aW2308-1659$c20230923$lBLL01$h1019
=SID  \\$aZ39$bOCLC
=STA  \\$aSUPPRESSED$bPreliminary Record
=LAS  \\$aW2308-1659$b00$c20230923$lBLL01$h1019

