=LDR  01888cam a2200493 a 4500
=001  015269177
=003  Uk
=005  20090601173609.0
=008  090403s2009\\\\ja\a\\\\\\\\\\000\0\jpn\\
=FMT  \\$a  BK
=010  \\$a2009406746
=020  \\$a9784258045785
=020  \\$a4258045780
=040  \\$aDLC$cDLC
=066  \\$c{dollar}1
=245  00$6880-01$aChiiki no shinkō :$bseido kōchiku no tayōsei to kadai /$cNishikawa Yoshiaki, Yoshida Eiichi hen.
=260  \\$6880-02$aChiba-shi :$bAjia Keizai Kenkyūjo,$c2009.
=300  \\$aviii, 260 p. :$bill. ;$c22 cm.
=336  \\$atext$2rdacontent
=337  \\$aunmediated$2rdamedia
=338  \\$avolume$2rdacarrier
=490  1\$6880-03$aKenkyū sōsho ;$v578
=700  1\$6880-04$aNishikawa, Yoshiaki.
=700  1\$6880-05$aYoshida, Eiichi.
=880  00$6245-01/{dollar}1$a地域の振興 :$b制度構築の多様性と課題 /$c西川芳昭,吉田栄一編.
=880  \\$6260-02/{dollar}1$a千葉市 :$bアジア経済研究所,$c2009.
=880  \0$6440-03/{dollar}1$a研究双書 ;$v578
=880  07$6650-00/{dollar}1$a地域開発.$2jlabsh/4
=880  1\$6700-04/{dollar}1$a西川芳昭.
=880  1\$6700-05/{dollar}1$a吉田栄一,$d1964-
=856  4\$uhttp://www.bk1.jp/trcno/09015508/?partnerid=oclc&siteid=oclc$zJapanese record available for display
=830  \0$6880-03$aKenkyū sōsho ;$v578
=852  41$aBritish Library$bOC$jST.100/196(578)
=CAT  \\$a2717$b40$c20090601$lBLL01$h1736
=CAT  \\$aBATCH$b00$c20091217$lBLL01$h0541
=CAT  \\$aBATCH$b00$c20100103$lBLL01$h1332
=CAT  \\$a8964$b40$c20100916$lBLL01$h1109
=CAT  \\$aBATCH-UPD$b40$c20100916$lBLL01$h1109
=CAT  \\$aWR12170$c20121116$lBLL01$h1702
=CAT  \\$aBATCH-UPD$b00$c20230504$lBLL01$h1706
=CAT  \\$aW2308-1659$c20230923$lBLL01$h1020
=SID  \\$aZ39$bLOC
=STA  \\$aSUPPRESSED$bPreliminary Record
=LAS  \\$aW2308-1659$b00$c20230923$lBLL01$h1020

