=LDR  01885cam a2200505 a 4500
=001  015285529
=003  Uk
=005  20090609134254.0
=008  090420s2009\\\\ja\\\\\\\\\\\\000\0\jpn\d
=FMT  \\$a  BK
=020  \\$a9784784214518
=020  \\$a4784214518
=035  \\$a(OCoLC)318874678
=040  \\$aTRCLS$cTRCLS
=084  \\$a317.8$2njb/9
=245  00$6880-01$aNihon no chōsen taiwan shihai to shokuminchi kanryō /$cMatsuda Toshihiko;Yamada Atsushi.
=260  \\$6880-02$aKyōto :$bShibunkakushuppan,$c2009.
=300  \\$a731, 16 p. ;$c22 cm.
=336  \\$atext$2rdacontent
=337  \\$aunmediated$2rdamedia
=338  \\$avolume$2rdacarrier
=650  07$6880-03$aShokuminchi gyōsei.$2jlabsh/4
=650  07$6880-04$aKanryō.$2jlabsh/4
=610  14$6880-05$aChōsen sōtokufu.
=610  14$6880-06$aTaiwan sōtokufu.
=700  1\$6880-07$aMatsuda, Toshihiko.
=700  1\$6880-08$aYamada, Atsushi,$d1964-
=856  4\$uhttp://www.bk1.jp/trcno/09022098/?partnerid=oclc&siteid=oclc$zJapanese record available for display
=880  00$6245-01$a日本の朝鮮・台湾支配と植民地官僚 /$c松田利彦;やまだあつし編.
=880  \\$6260-02$a京都 :$b思文閣出版,$c2009.
=880  07$6650-03$a植民地行政.$2jlabsh/4
=880  07$6650-04$a官僚.$2jlabsh/4
=880  14$6610-05$a朝鮮総督府.
=880  14$6610-06$a台湾総督府.
=880  1\$6700-07$a松田利彦.
=880  1\$6700-08$a山田敦,$d1964-
=852  41$aBritish Library$bOC$jYP.2009.a.5598
=CAT  \\$a2717$b40$c20090609$lBLL01$h1342
=CAT  \\$aBATCH-UPD$b40$c20091014$lBLL01$h2038
=CAT  \\$aWR12170$c20121116$lBLL01$h1702
=CAT  \\$aBATCH-UPD$b00$c20230504$lBLL01$h1706
=CAT  \\$aW2308-1659$c20230923$lBLL01$h1020
=SID  \\$aZ39$bOCLC
=STA  \\$aSUPPRESSED$bPreliminary Record
=LAS  \\$aW2308-1659$b00$c20230923$lBLL01$h1020

