=LDR  01882 am a22004695a 4500
=001  017373794
=003  Uk
=005  20150527121312.0
=008  150420s2015\\\\ja\\\\\\\\\\\\000\0\jpn\d
=FMT  \\$a  BK
=020  \\$a9784258046157
=020  \\$a4258046159
=035  \\$a(OCoLC)907627664
=040  \\$aTRCLS$beng$cTRCLS$dOCLCQ
=042  \\$aukblderived
=084  \\$a312.4435$2njb/9
=100  1\$6880-01$aSatō, Akira.
=245  10$6880-02$aKokoa kyōwakoku no kindai :$bkōtojibowāru no kesshashi to tōgōteki kakumei /$cSatō Akira.
=260  \\$6880-03$a[Place of publication not identified] :$bAjiakeizaikenkyūjo,$c2015.
=300  \\$a356 pages ;$c22 cm.
=336  \\$atext$2rdacontent
=336  \\$atext$btxt$2rdacontent
=337  \\$aunmediated$2rdamedia
=337  \\$aunmediated$bn$2rdamedia
=338  \\$avolume$2rdacarrier
=338  \\$avolume$bnc$2rdacarrier
=490  1\$6880-04$aKenkyū sōsho ;$v615
=650  07$6880-05$aKōtojibowāru-Seiji gyōsei.$2jlabsh/4
=830  \0$6880-06$aKenkyū sōsho ;$v615.
=856  4\$uhttp://www.bookportal.jp/trcno/15021300/?partnerid=oclc&siteid=oclc$zJapanese record available for display
=880  1\$6100-01$a佐藤章,$c政治.
=880  10$6245-02$aココア共和国の近代 :$bコートジボワールの結社史と統合的革命 /$c佐藤章著.
=880  \\$6260-03$a千葉 :$bアジア経済研究所,$c2015.
=880  1\$6490-04$a研究双書 ;$v615
=880  \\$6500-00$aコートジボワール政治史略年表:p325-328 文献:p329-348.
=880  07$6650-05$aコートジボワール-政治・行政.$2jlabsh/4
=880  \0$6830-06$a研究双書 ;$v615.
=852  41$aBritish Library$bOC$jS.T.100/196(615)
=CAT  \\$a13812$b40$c20150527$lBLL01$h1213
=SID  \\$aZ39$bOCLC
=STA  \\$aSUPPRESSED$bPreliminary Record
=LAS  \\$a13812$b40$c20150527$lBLL01$h1213

