=LDR  01956 am a22005055a 4500
=001  017373797
=003  Uk
=005  20150527121509.0
=008  150406s2015\\\\ja\\\\\\\\\\\\000\0\jpn\d
=FMT  \\$a  BK
=020  \\$a9784258046164
=020  \\$a4258046167
=035  \\$a(OCoLC)906523951
=040  \\$aTRCLS$beng$cTRCLS$dOCLCQ
=042  \\$aukblderived
=084  \\$a519.22$2njb/9
=245  00$6880-01$aAjia no seitai kiki to jizoku kanōsei :$bfīrudo kara no sasuteinabiritiron /$cŌtsuka Kenji.
=260  \\$6880-02$a[Place of publication not identified] :$bAjiakeizaikenkyūjo,$c2015.
=300  \\$a294 pages ;$c22 cm.
=336  \\$atext$2rdacontent
=336  \\$atext$btxt$2rdacontent
=337  \\$aunmediated$2rdamedia
=337  \\$aunmediated$bn$2rdamedia
=338  \\$avolume$2rdacarrier
=338  \\$avolume$bnc$2rdacarrier
=490  1\$6880-03$aKenkyū sōsho ;$v616
=650  07$6880-04$aKankyō mondai.$2jlabsh/4
=650  07$6880-05$aJizoku kanō na kaihatsu.$2jlabsh/4
=650  07$6880-06$aAjia.$2jlabsh/4
=700  1\$6880-07$aŌtsuka, Kenji.
=830  \0$6880-08$aKenkyū sōsho ;$v616.
=856  4\$uhttp://www.bookportal.jp/trcno/15017828/?partnerid=oclc&siteid=oclc$zJapanese record available for display
=880  00$6245-01$aアジアの生態危機と持続可能性 :$bフィールドからのサステイナビリティ論 /$c大塚健司編.
=880  \\$6260-02$a千葉 :$bアジア経済研究所,$c2015.
=880  1\$6490-03$a研究双書 ;$v616
=880  07$6650-04$a環境問題.$2jlabsh/4
=880  07$6650-05$a持続可能な開発.$2jlabsh/4
=880  07$6650-06$aアジア.$2jlabsh/4
=880  1\$6700-07$a大塚健司.
=880  \0$6830-08$a研究双書 ;$v616.
=852  41$aBritish Library$bOC$jS.T.100/196(616)
=CAT  \\$a13812$b40$c20150527$lBLL01$h1215
=SID  \\$aZ39$bOCLC
=STA  \\$aSUPPRESSED$bPreliminary Record
=LAS  \\$a13812$b40$c20150527$lBLL01$h1215

