=LDR  01856 am a22005055a 4500
=001  017373799
=003  Uk
=005  20150527121649.0
=008  150330s2015\\\\ja\\\\\\\\\\\\000\0\jpn\d
=FMT  \\$a  BK
=020  \\$a9784258046195
=020  \\$a4258046191
=035  \\$a(OCoLC)905836240
=040  \\$aTRCLS$beng$cTRCLS$dOCLCQ
=042  \\$aukblderived
=084  \\$a361.78$2njb/9
=245  00$6880-01$aChūgoku no toshika :$bkakuchō fuantei to kanri mekanizumu /$cAmako Satoshi ; Nin Tetsu.
=260  \\$6880-02$a[Place of publication not identified] :$bAjiakeizaikenkyūjo,$c2015.
=300  \\$a173 pages ;$c22 cm.
=336  \\$atext$2rdacontent
=336  \\$atext$btxt$2rdacontent
=337  \\$aunmediated$2rdamedia
=337  \\$aunmediated$bn$2rdamedia
=338  \\$avolume$2rdacarrier
=338  \\$avolume$bnc$2rdacarrier
=490  1\$6880-03$aKenkyū sōsho ;$v619
=650  07$6880-04$aToshika.$2jlabsh/4
=650  07$6880-05$aChūgoku.$2jlabsh/4
=700  1\$6880-06$aAmako, Satoshi.
=700  1\$6880-07$aNin, Tetsu.
=830  \0$6880-08$aKenkyū sōsho ;$v619.
=856  4\$uhttp://www.bookportal.jp/trcno/15016338/?partnerid=oclc&siteid=oclc$zJapanese record available for display
=880  00$6245-01$a中国の都市化 :$b拡張, 不安定と管理メカニズム /$c天児慧 ; 任哲編.
=880  \\$6260-02$a千葉 :$bアジア経済研究所,$c2015.
=880  1\$6490-03$a研究双書 ;$v619
=880  07$6650-04$a都市化.$2jlabsh/4
=880  07$6650-05$a中国.$2jlabsh/4
=880  1\$6700-06$a天児慧.
=880  1\$6700-07$a任哲.
=880  \0$6830-08$a研究双書 ;$v619.
=852  41$aBritish Library$bOC$jS.T.100/196(619)
=CAT  \\$a13812$b40$c20150527$lBLL01$h1216
=SID  \\$aZ39$bOCLC
=STA  \\$aSUPPRESSED$bPreliminary Record
=LAS  \\$a13812$b40$c20150527$lBLL01$h1216

