=LDR  02151 as a2200565 a 4500
=001  013668505
=003  Uk
=005  20100810154141.0
=006  m\\\\\\\\d\|\\\\\\
=007  cr||||||||||||
=008  070209d200u200uenkqr\p\s\\\\\0\\\a0eng\\
=015  \\$aGBA711100$2bnb
=022  0\$a1749-5466$y1747-0315$202
=040  \\$aUk$beng$cUk
=042  \\$aukblsr$aissnuk
=082  04$a362.1965$222
=130  0\$aCampaign news (London, England : 2002 : Online)
=222  \0$aCampaign news$b(London. 2002. Online)
=245  10$aCampaign news$h[electronic resource].
=246  13$aNews
=246  1\$iTitle bar title:$aSCC news
=260  \\$aLondon :$bSkin Care Campaign
=310  \\$aQuarterly
=336  \\$atext$2rdacontent
=337  \\$acomputer$2rdamedia
=338  \\$aonline resource$2rdacarrier
=500  \\$aDescription based on: Issue 21 (May 2003) issue; title from PDF caption (publisher's web site, viewed 8 Feb. 2007)
=515  \\$aSome issues are unnumbered.
=538  \\$aMode of access: World Wide Web.
=538  \\$aSystem requirements: Adobe Acrobat Reader.
=610  20$aSkin Care Campaign (Great Britain)$vPeriodicals.
=650  \0$aSkin$xDiseases$vPeriodicals.
=710  2\$aSkin Care Campaign (Great Britain)
=780  00$tCampaign news (London, England : 2002)
=852  41$aBritish Library$bHMNTS$jE-journal DOM$3No. 34 (2006)-no. 38 (2007)
=856  40$uhttp://www.skincarecampaign.org/pages/home.htm$zFollow links to resource
=CAT  \\$a3072$b40$c20070209$lBLL01$h1353
=CAT  \\$a3072$b40$c20070209$lBLL01$h1355
=CAT  \\$a3072$b40$c20070209$lBLL01$h1410
=CAT  \\$a11313$b40$c20070622$lBLL01$h0759
=CAT  \\$a7792$b40$c20100810$lBLL01$h1541
=CAT  \\$aWR14_140$c20140905$lBLL01$h1814
=CAT  \\$aBATCH-UPD$b00$c20140906$lBLL01$h0658
=CAT  \\$aW1711-1225$c20171203$lBLL01$h1025
=FIN  \\$aY$d20070209
=FMT  \\$a  SE
=LAS  \\$aW1711-1225$b00$c20171203$lBLL01$h1025
=LKR  \\$aPAR$b013668426$lBLL01$r78000$mCampaign news (London. 2002. Online)$nOperational plan :
=STA  \\$aSUPPRESSED$bunable to determine reason for suppression
=TCO  \\$aCLA$bCLA$c008

