=LDR  02305 ai a2200517 a 4500
=001  013676809
=003  Uk
=005  20100217094014.0
=006  m\\\\\\\\d\|\\\\\\
=007  cr||||||||||||
=008  070220c200u9999enkuu\p\s\d\\\0\\\a2eng\\
=015  \\$aGBB029029$2bnb
=040  \\$aUk$beng$cUk
=042  \\$aukblsr
=082  04$a070.92241$222
=130  0\$aScoop! (Biographical dictionary)
=245  10$aScoop!$h[electronic resource] :$bthe people behind the news headlines.
=246  1\$iTitle in home page HTML header:$aScoop! : the biographical dictionary of British and Irish journalists 1800-1950
=246  1\$iAlso known as:$aScoop biographical dictionary
=260  \\$aLondon :$bEamon Dyas Ltd.
=336  \\$atext$2rdacontent
=337  \\$acomputer$2rdamedia
=338  \\$aonline resource$2rdacarrier
=362  1\$aBegan in 2007?
=500  \\$a"Designed, developed & managed by CBJ Digital Ltd".
=500  \\$aTitle from home page (viewed Feb. 16, 2010).
=520  \\$aAn online biographical dictionary of British or Irish journalists who died between 1800 and 1960. Also included are a small number of journalists who, although not born in Britain or Ireland, spent a significant proportion of their career in the British Isles.
=538  \\$aMode of access: World Wide Web.
=650  \0$aJournalists$zGreat Britain$xBiography$vDictionaries$vDatabases.
=650  \0$aJournalists$zIreland$xBiography$vDictionaries$vDatabases.
=650  \0$aJournalism$zGreat Britain$xHistory$y19th century$vDictionaries$vDatabases.
=650  \0$aJournalism$zIreland$xHistory$y19th century$vDictionaries$vDatabases.
=852  41$aBritish Library$bHMNTS$jLOU.e-media
=856  40$uhttp://www.scoop-database.com/contact/$zFor subscribers only; requires password; BL Reading Room access
=CAT  \\$a6524$b40$c20070220$lBLL01$h0910
=CAT  \\$a3072$b40$c20100216$lBLL01$h1721
=CAT  \\$a3072$b40$c20100217$lBLL01$h0940
=CAT  \\$aNPL-008-P$c20110504$lBLL01$h2103
=CAT  \\$aBATCH-UPD$b00$c20131021$lBLL01$h1141
=CAT  \\$aNPL-LOCK$b77$c20140207$lBLL01$h2152
=CAT  \\$aNPL-UNLOCK$b00$c20140216$lBLL01$h0848
=FIN  \\$aY$d20100217
=FMT  \\$a  SE
=LAS  \\$aNPL-UNLOCK$b00$c20140216$lBLL01$h0848
=STA  \\$aSUPPRESSED$bDatabase
=TCO  \\$aCLA$bCLA$c008

