=LDR  02279cai a2200505 a 4500
=001  013678995
=003  Uk
=005  20070309144918.0
=006  m\\\\\\\\d\|\\\\\\
=007  cr||||||||||||
=008  070221c200u9999enk\x\d\s\\\\\0\\\a2eng\\
=FMT  \\$a  SE
=015  \\$aGBA719666$2bnb
=040  \\$aUk$beng$cUk
=042  \\$aukblsr
=082  04$a001.3$222
=245  00$aBritish periodicals.$p[Collection 1]$h[electronic resource].
=260  \\$a[Cambridge?] :$bProQuest Information and Learning
=336  \\$atext$2rdacontent
=337  \\$acomputer$2rdamedia
=338  \\$aonline resource$2rdacarrier
=538  \\$aMode of access: World Wide Web.
=520  \\$aThis collection when complete will include 160 British journals published between 1681 and 1920. Topics covered include literature, philosophy, history, science, the fine arts and the social sciences. Allows users to cross-search the online version of "The Wellesley index to Victorian periodicals, 1824-1900", and includes author attributions from that source. The collection can also be accessed as part of "Periodicals archive online", but without the Wellesley index attributions.
=500  \\$aTitle from home page (viewed on 8 Mar. 2007)
=650  \0$aBritish periodicals$vDatabases.
=650  \0$aArts$vPeriodicals$vDatabases.
=650  \0$aHumanities$vPeriodicals$vDatabases.
=650  \0$aSocial sciences$vPeriodicals$vDatabases.
=710  2\$aProQuest Information and Learning Company.
=730  0\$aWellesley index to Victorian periodicals, 1824-1900 (Online)
=856  40$uhttp://britishperiodicals.chadwyck.co.uk/home.do$zFor subscribers only, BL Reading Room access
=852  41$aBritish Library$bHMNTS$je-media
=CAT  \\$a6524$b40$c20070221$lBLL01$h0928
=CAT  \\$a3072$b40$c20070308$lBLL01$h1740
=CAT  \\$a3072$b40$c20070309$lBLL01$h1112
=CAT  \\$a3072$b40$c20070309$lBLL01$h1117
=CAT  \\$a3072$b40$c20070309$lBLL01$h1336
=CAT  \\$a3072$b40$c20070309$lBLL01$h1440
=CAT  \\$a3072$b40$c20070309$lBLL01$h1449
=CAT  \\$aBATCH-UPD$b40$c20131021$lBLL01$h1141
=CAT  \\$aWR14_140$c20140905$lBLL01$h1814
=FIN  \\$aY$d20070309
=STA  \\$aSUPPRESSED$bDatabase
=TCO  \\$aCLA$bCLA$c008
=LAS  \\$aWR14_140$b00$c20140905$lBLL01$h1814

