=LDR  03884cai a2200613 a 4500
=001  013679099
=003  Uk
=005  20070309145006.0
=006  m\\\\\\\\d\\\\\\\\
=007  cr\cnu||||||||
=008  070308c20059999enk\x\dss\i\\\0\\\\2eng\d
=FMT  \\$a  SE
=015  \\$aGBA719665$2bnb
=035  \\$a(OCoLC)85810076
=040  \\$aVRA$cVRA$dUk
=042  \\$aukblsr
=043  \\$ae-uk---
=050  \4$aAI3
=082  04$a001.3$222
=130  0\$aWellesley index to Victorian periodicals, 1824-1900 (Online)
=245  14$aThe Wellesley index to Victorian periodicals, 1824-1900$h[electronic resource].
=260  \\$a[Cambridge?] :$bProQuest Co.,$c2005-
=336  \\$atext$2rdacontent
=337  \\$acomputer$2rdamedia
=338  \\$aonline resource$2rdacarrier
=538  \\$aMode of access: World Wide Web.
=500  \\$aCoverage as of Mar. 7, 2007: 1802-1900.
=500  \\$aTitle from home page (viewed Mar. 7, 2007).
=520  \\$aThe vast majority of articles written for Victorian periodicals were published anonymously, or under pseudonyms. The Wellesley Index identifies the authors of articles within major Victorian periodicals, and provides a bibliography for each contributor. 45 important monthly and quarterly titles are included, covering the period from the beginning of the Westminster Review in 1824 to the end of the century. The exception to this is the Edinburgh Review, which is indexed from first issue, in 1802. Wellesley does not index poetry.
=500  \\$aLinks are provided to the full text of articles in selected titles included in Periodicals Archive Online and the British Periodicals Collection.
=505  0\$aAinsworth's magazine -- The Atlantis -- Bentley's miscellany -- Bentley's quarterly review -- Blackwood's Edinburgh magazine -- British and foreign review -- British quarterly review -- Contemporary review -- Cornhill magazine -- Dark blue -- Dublin review -- Dublin University magazine -- Eclectic review -- Edinburgh review (including 1802-1823) -- Foreign quarterly review -- Foreign review, 1828-1830 -- Fortnightly review -- Fraser's magazine -- Home and foreign review -- London and Westminster review (1836-1840) -- London quarterly review -- London review (1829) -- London review (1835-1836) -- Longmans magazine -- Macmillan's magazine -- Modern review -- Monthly chronicle -- National review (1855-1864) -- National review (1883-) -- New monthly magazine (1821-1854) -- New quarterly magazine -- New review -- Nineteenth century -- North British review -- Oxford and Cambridge magazine -- Prospective review -- Quarterly review -- Rambler -- Saint Paul's -- Scottish review (1882-1900) -- Tait's Edinburgh magazine (1832-1855) -- Temple Bar -- Theological review -- University magazine -- Westminster review (1824-1836, 1840-1900).
=650  \0$aBritish periodicals$vIndexes.
=650  \0$aArts$vPeriodicals$vDatabases.
=650  \0$aHumanities$vPeriodicals$vDatabases.
=650  \0$aSocial sciences$xPeriodicals.
=650  \0$aSocial sciences$vPeriodicals$vDatabases.
=710  2\$aProQuest Information and Learning Company.
=776  1\$cOriginal$z0415030544
=856  40$uhttp://wellesley.chadwyck.co.uk/home.do$zFor subscribers only, BL Reading Room access
=852  41$aBritish Library$bHMNTS$je-media
=CAT  \\$a6524$b40$c20070221$lBLL01$h1036
=CAT  \\$a3072$b40$c20070309$lBLL01$h1109
=CAT  \\$a3072$b40$c20070309$lBLL01$h1111
=CAT  \\$a3072$b40$c20070309$lBLL01$h1118
=CAT  \\$a3072$b40$c20070309$lBLL01$h1336
=CAT  \\$a3072$b40$c20070309$lBLL01$h1433
=CAT  \\$a3072$b40$c20070309$lBLL01$h1450
=CAT  \\$aBATCH-UPD$b40$c20131021$lBLL01$h1142
=CAT  \\$aWR14_140$c20140905$lBLL01$h1814
=FIN  \\$aY$d20070309
=SID  \\$aZ39$bOCLC
=STA  \\$aSUPPRESSED$bDatabase
=TCO  \\$aCLA$bCLA$c008
=LAS  \\$aWR14_140$b00$c20140905$lBLL01$h1814

