=LDR  02162 ai a2200601 a 4500
=001  015305087
=003  Uk
=005  20101018172323.0
=006  m\\\\\\\\d\\\\\\\\
=007  cr\cnu||||||||
=008  971210c19979999txuuu\d\\\\\\\0\\\a2eng\d
=035  \\$a(OCoLC)38064020
=037  \\$bMarcive, Inc., P.O. Box 47508, San Antonio, TX 78265
=040  \\$aNJB$cNJB$dOCL$dOCLCQ$dMNU$dDRB$dUk
=042  \\$aukblsr
=043  \\$an-us---
=050  \4$aZA5185.U6
=082  04$a015.73$222
=245  00$aMarciveWeb DOCS$h[electronic resource].
=246  3\$aMarcive Web DOCS
=246  1\$aCatalog of U.S. Government publications
=246  1\$aWeb Docs
=246  1\$aGPO Web Docs
=246  13$aMarcive WebDocs
=256  \\$aElectronic online service.
=260  \\$aSan Antonio, TX :$bMARCIVE, Inc.,$c[1997-]
=336  \\$atext$2rdacontent
=337  \\$acomputer$2rdamedia
=338  \\$aonline resource$2rdacarrier
=500  \\$aTitle from title screen.
=506  \\$aAccess restricted to subscriber sites; access through IP filtering.
=520  \\$aIndex to United States Federal Government publications from 1976 to the present.
=530  \\$aCD-ROM version available under title: GPO CAT/PAC.
=538  \\$aMode of access: World Wide Web.
=650  \0$aGovernment publications$zUnited States$vIndexes.
=730  0\$aMarcive GPO CAT/PAC.
=852  41$aBritish Library$bHMNTS$je-media
=856  4\$uhttp://www.marcive.com/scripts/webdocs.dll$zFor subscribers only, requires username and password; BL Reading Room access only
=CAT  \\$a10902$b40$c20090703$lBLL01$h1450
=CAT  \\$a3391$b40$c20090703$lBLL01$h1632
=CAT  \\$a3072$b40$c20090810$lBLL01$h1147
=CAT  \\$a3072$b40$c20090810$lBLL01$h1150
=CAT  \\$a3072$b40$c20090810$lBLL01$h1156
=CAT  \\$a3072$b40$c20090810$lBLL01$h1328
=CAT  \\$a3072$b40$c20090810$lBLL01$h1348
=CAT  \\$a3072$b40$c20101018$lBLL01$h1723
=CAT  \\$aBATCH-UPD$b40$c20131021$lBLL01$h1141
=FIN  \\$aY$d20090810
=FMT  \\$a  SE
=LAS  \\$aBATCH-UPD$b40$c20131021$lBLL01$h1141
=SID  \\$aZ39$bOCLC
=STA  \\$aSUPPRESSED$bDatabase
=TCO  \\$aTRS$bCCC$c008

