=LDR  02507cam a2200565 a 4500
=001  015306000
=003  Uk
=005  20090706174832.0
=008  090525s2009\\\\ja\\\\\\\\\\\\000\0\jpn\d
=FMT  \\$a  BK
=020  \\$a9784901558433
=020  \\$a4901558439
=035  \\$a(OCoLC)352604544
=040  \\$aTRCLS$cTRCLS$dAMH
=084  \\$a384.37$2njb/9
=245  00$6880-01$aTabi to Nihon hakken :$bidō to kōtsū no bunka keiseiryoku /$cShirahata Yōzaburō.
=246  35$aDiscovery of Japan :$btravel and mobility in the creation of culture
=260  \\$6880-02$aKyōto :$bNingen Bunka Kenkyū Kikō Kokusai Nihon Bunka Kenkyū Sentā,$c2009.
=300  \\$a407 p. :$bill. ;$c26 cm.
=336  \\$atext$2rdacontent
=337  \\$aunmediated$2rdamedia
=338  \\$avolume$2rdacarrier
=490  1\$6880-04$aKokusai Nihon Bunka Kenkyū Sentā kyōdō kenkyū hōkoku
=490  1\$6880-03$aNichibunken sōsho$x1364-6585 ;$v43
=650  \0$aTravelers$zJapan.
=651  \0$aJapan$xDescription and travel.
=650  \0$aTravel$xStudy and teaching$zJapan.
=650  07$6880-05$aRyokō-Rekishi.$2jlabsh/4
=700  1\$6880-06$aShirahata, Yōzaburō,$d1949-
=856  4\$uhttp://www.bk1.jp/trcno/09102319/?partnerid=oclc&siteid=oclc$zJapanese record available for display
=830  \0$6880-07$aKokusai Nihon Bunka Kenkyū Sentā Nichibunken sōsho$v43.
=880  00$6245-01$a旅と日本発見 :$b移動と交通の文化形成力 /$c白幡洋三郎編.
=880  \\$6260-02$a京都 :$b人間文化研究機構国際日本文化研究センター,$c2009.
=880  1\$6490-03$a日文研叢書$x1364-6585 ;$v43
=880  \0$6440-04$a国際日本文化研究センター共同研究報告書
=880  07$6650-05$a旅行-歴史.$2jlabsh/4
=880  1\$6700-06$a白幡洋三郎,$d1949-
=880  \0$6830-07$a国際日本文化研究センター日文研叢書 ;$v43.
=830  \0$6880-04$aKokusai Nihon Bunka Kenkyū Sentā kyōdō kenkyū hōkoku
=852  41$aBritish Library$bOC$jYP.2009.b.748
=CAT  \\$a2717$b40$c20090706$lBLL01$h1748
=CAT  \\$aBATCH-UPD$b40$c20090706$lBLL01$h1749
=CAT  \\$aBATCH$b00$c20091217$lBLL01$h0542
=CAT  \\$aBATCH$b00$c20100103$lBLL01$h1333
=CAT  \\$aWR12170$c20121116$lBLL01$h1702
=CAT  \\$aBATCH-UPD$b00$c20220402$lBLL01$h1753
=CAT  \\$aW2308-1659$c20230923$lBLL01$h1043
=SID  \\$aZ39$bOCLC
=STA  \\$aSUPPRESSED$bPreliminary Record
=LAS  \\$aW2308-1659$b00$c20230923$lBLL01$h1043

