=LDR  02108cam a2200565 a 4500
=001  015308790
=003  Uk
=005  20090708112210.0
=008  090302s2009\\\\ja\a\\\\\b\\\\000\0bjpn\c
=FMT  \\$a  BK
=020  \\$a9784642052504
=020  \\$a464205250X
=035  \\$a(OCoLC)311827305
=040  \\$aTRCLS$cTRCLS$dCLU$dUMC
=042  \\$apcc
=043  \\$aa-ja---
=050  \4$aPL792.S4$bZ63 2009
=084  \\$a773.28$2njb/9
=100  1\$6880-01$aImaizumi, Yoshio,$d1939-
=245  10$6880-02$aZeami /$cImaizumi Yoshio ; Nihon Rekishi Gakkai henshū.
=250  \\$6880-03$aDai 1-han.
=260  \\$6880-04$aTōkyō :$bYoshikawa Kōbunkan,$c2009.
=300  \\$a17, 297 p. :$bill. ;$c19 cm.
=336  \\$atext$2rdacontent
=337  \\$aunmediated$2rdamedia
=338  \\$avolume$2rdacarrier
=490  1\$6880-05$aJinbutsu sōsho ;$v257
=504  \\$aIncludes bibliographical references (p. 295-297).
=600  00$6880-06$aZeami,$d1363-1443$xCriticism and interpretation.
=650  \0$aDramatists, Japanese$vBiography.
=650  \0$aNō plays$xHistory and criticism.
=710  2\$6880-07$aNihon Rekishi Gakkai.
=830  \0$6880-08$aJinbutsu sōsho (Shinsōban)$v257.
=856  4\$uhttp://www.bk1.jp/trcno/09010195/?partnerid=oclc&siteid=oclc$zJapanese record available for display
=880  1\$6100-01$a今泉淑夫,$d1939-
=880  10$6245-02$a世阿弥 /$c今泉淑夫 ; 日本歴史学会編集.
=880  \\$6250-03$a第1版.
=880  \\$6260-04$a東京 :$b吉川弘文館,$c2009.
=880  1\$6490-05$a人物叢書 ;$v257
=880  04$6600-06$a世阿弥,$d1363-1443$xCriticism and interpretation.
=880  2\$6710-07$a日本歴史学会.
=880  \0$6830-08$a人物叢書 (Shinsōban) ;$v257.
=852  41$aBritish Library$bOC$j16236.d.257
=CAT  \\$a2717$b40$c20090708$lBLL01$h1122
=CAT  \\$aWR12170$c20121116$lBLL01$h1702
=CAT  \\$aBATCH-UPD$b00$c20160130$lBLL01$h1756
=CAT  \\$aW2308-1659$c20230923$lBLL01$h1043
=SID  \\$aZ39$bOCLC
=STA  \\$aSUPPRESSED$bPreliminary Record
=LAS  \\$aW2308-1659$b00$c20230923$lBLL01$h1043

