=LDR  02838cgi a2200673 a 4500
=001  015330388
=003  Uk
=005  20231005152119.0
=006  m\\\\\\\\c\\\\\\\\
=006  s\x\dss\\\\\0\\\\2
=007  cr\mna||||||||
=007  vz\mzazuu
=008  080610c20089999vauuu\d\\\\\\\0\\\\2eng\c
=FMT  \\$a  SE
=010  \\$a2010238496
=035  \\$a(OCoLC)231632549$z(OCoLC)236194987
=035  \\$a(OCoLC)231632549
=040  \\$aCUI$cCUI$dCLU$dOCLCQ$dOKU$dCUS$dLML$dUk
=042  \\$aukblsr
=050  \4$aGV1594$b.D36
=082  04$a792.8$222
=245  00$aDance in video$h[electronic resource].
=246  1\$iTitle appears on home page as:$aWelcome to Dance in video
=260  \\$aAlexandria, Va. ;$aStevenage :$bAlexander Street Press,$c[2008?]-
=300  \\$astreaming video files :$bdigital, Adobe Flash files, sd., col.
=310  \\$aFrequently updated
=500  \\$aTitle from home page (viewed Apr. 27, 2010).
=538  \\$aMode of access: World Wide Web.
=506  \\$aAccess restricted to subscribers.
=520  \\$aSearchable database containing streaming video files. Will contain 50 dance productions and documentaries featuring some of the most influential performers and companies of the twentieth century. Selections cover ballet, tap, jazz, contemporary, experimental, and improvisational dance, as well as forerunners of the forms and the pioneers of modern concert dance. This service includes 150 videos, equalling 201 hours.
=580  \\$aAlso contained as part of an aggregation of websites under the title: Music online.
=650  \0$aDance.
=650  \0$aDance$xProduction and direction$xHistory.
=655  \7$aFilm clips.$2fast$0(OCoLC)fst01726246
=655  \7$aFilmed dance.$2fast$0(OCoLC)fst01726276
=655  \7$aInternet videos.$2fast$0(OCoLC)fst01750214
=655  \7$aNonfiction films.$2fast$0(OCoLC)fst01710269
=655  \7$aTelevised dance.$2fast$0(OCoLC)fst01726285
=655  \7$aVideo recordings.$2fast$0(OCoLC)fst01692913
=710  2\$aAlexander Street Press.
=730  02$aMusic online.
=775  1\$tMusic online
=856  40$uhttp://daiv.alexanderstreet.com/$zFor subscribers only
=852  41$aBritish Library$bHMNTS$je-media
=985  \\$aUpdated by MS generated file for WR2302-017
=CAT  \\$a10902$b40$c20090720$lBLL01$h1542
=CAT  \\$a3072$b40$c20090810$lBLL01$h1600
=CAT  \\$a3072$b40$c20121022$lBLL01$h1634
=CAT  \\$a3072$b40$c20121023$lBLL01$h1537
=CAT  \\$a3072$b40$c20121106$lBLL01$h1356
=CAT  \\$aBATCH-UPD$b40$c20131021$lBLL01$h1141
=CAT  \\$aW2302-0174$c20230223$lBLL01$h1956
=CAT  \\$a3072$b40$c20231005$lBLL01$h1521
=FIN  \\$aY$d20121022
=SID  \\$aZ39$bOCLC
=SID  \\$aZ39$bSUNCAT
=STA  \\$aSUPPRESSED$bDatabase
=TCO  \\$aTRS$bCCC$c008
=LAS  \\$a3072$b40$c20231005$lBLL01$h1521

