=LDR  02133cam a2200565 a 4500
=001  015343140
=003  Uk
=005  20090805125911.0
=008  090206s2008\\\\ja\a\\\\\b\\\\001\0\jpn\d
=FMT  \\$a  BK
=010  \\$a  2009387622
=020  \\$a9784535555723
=020  \\$a4535555729
=035  \\$a(OCoLC)ocn232618169
=040  \\$aTRCLS$cTRCLS$dCUY$dDLC
=041  1\$ajpn$hchi$heng
=042  \\$alccopycat
=043  \\$aa-cc---
=050  00$aHC430.I5$bX84 2008
=100  1\$6880-01$aXue, Jinjun.
=245  10$6880-02$aChūgoku no fubyōdō =$bInequality in China /$cSetsu Shingun, Arayama Yūkō, Sonoda Tadashi hencho.
=246  31$aInequality in China
=250  \\$6880-03$aDai 1-han.
=260  \\$6880-04$aTōkyō :$bNihon Hyōronsha,$c2008.
=300  \\$axiii, 237 p. :$bill. ;$c22 cm.
=336  \\$atext$2rdacontent
=337  \\$aunmediated$2rdamedia
=338  \\$avolume$2rdacarrier
=546  \\$aText in Japanese, includes translation from Chinese and English.
=504  \\$aIncludes bibliographical references and index.
=650  \0$aIncome distribution$zChina.
=651  \0$aChina$xEconomic conditions$xRegional disparities.
=700  1\$6880-07$aArayama, Yūkō,$d1951-
=700  1\$6880-08$aSonoda, Tadashi,$d1969-
=880  1\$6100-01/{dollar}1$a薛進軍.
=880  10$6245-02/{dollar}1$a中国の不平等 =$bInequality in China /$c薛進軍, 荒山裕行, 園田正編著.
=880  \\$6250-03/{dollar}1$a第 1版.
=880  \\$6260-04/{dollar}1$a東京 :$b日本評論社,$c2008.
=880  1\$6700-07/{dollar}1$a荒山裕行,$d1951-
=880  1\$6700-08/{dollar}1$a園田正,$d1969-
=856  4\$uhttp://www.bk1.jp/trcno/08032044/?partnerid=oclc&siteid=oclc$zJapanese record available for display
=852  41$aBritish Library$bOC$jYP.2009.a.6162
=CAT  \\$a2717$b40$c20090805$lBLL01$h1259
=CAT  \\$aBATCH-UPD$b40$c20090805$lBLL01$h1300
=CAT  \\$aWR12170$c20121116$lBLL01$h1702
=CAT  \\$aBATCH-UPD$b00$c20160217$lBLL01$h1846
=CAT  \\$aW2308-1659$c20230923$lBLL01$h1045
=SRC  \\$aBLL02
=STA  \\$aSUPPRESSED$bPreliminary Record
=LAS  \\$aW2308-1659$b00$c20230923$lBLL01$h1045

