=LDR  01971cam a2200565 a 4500
=001  015350491
=003  Uk
=005  20090817171542.0
=008  090803s2009\\\\ja\\\\\\\b\\\\000\0\jpn\d
=FMT  \\$a  BK
=010  \\$a2009453104
=020  \\$a9784757604995
=020  \\$a4757604998
=035  \\$a(OCoLC)ocn317455765
=040  \\$aTRCLS$cTRCLS$dCLU$dDLC
=042  \\$alccopycat
=043  \\$aa-ja---
=084  \\$a773.2$2njb/9
=100  1\$6880-01$aGondō, Yoshikazu,$d1930-
=245  10$6880-02$aSengo Kansai nōgakushi /$cGondō Yoshikazu.
=246  30$6880-03$aKansai nōgakushi
=250  \\$6880-04$aShohan.
=260  \\$6880-05$aOosaka-shi :$bIzumi Shoin,$c2009.
=300  \\$aiv, 370 p. ;$c20 cm.
=336  \\$atext$2rdacontent
=337  \\$aunmediated$2rdamedia
=338  \\$avolume$2rdacarrier
=490  1\$6880-06$aKamigata bunko ;$v35
=504  \\$aIncludes bibliographical references.
=650  \0$aNō$zJapan$zKinki Region$xHistory.
=880  1\$6100-01$a権藤芳一,$d1930-
=880  10$6245-02$a戦後関西能楽誌 /$c権藤芳一.
=880  30$6246-03$a関西能楽誌
=880  \\$6250-04$a初版.
=880  \\$6260-05$a大阪市 :$b和泉書院,$c2009.
=880  \0$6440-06$a上方文庫 ;$v35
=856  4\$uhttp://www.bk1.jp/trcno/09016031/?partnerid=oclc&siteid=oclc$zJapanese record available for display
=830  \0$6880-06$aKamigata bunko$v35.
=852  41$aBritish Library$bOC$jZP.9.a.102/35
=CAT  \\$a2717$b40$c20090817$lBLL01$h1715
=CAT  \\$aBATCH-UPD$b40$c20090817$lBLL01$h1716
=CAT  \\$aBATCH$b00$c20091217$lBLL01$h0542
=CAT  \\$aBATCH$b00$c20100103$lBLL01$h1333
=CAT  \\$aWR12170$c20121116$lBLL01$h1702
=CAT  \\$aBATCH-UPD$b00$c20121116$lBLL01$h1820
=CAT  \\$aBATCH-UPD$b00$c20150212$lBLL01$h2042
=CAT  \\$aW2308-1659$c20230923$lBLL01$h1045
=SID  \\$aZ39$bLOC
=STA  \\$aSUPPRESSED$bPreliminary Record
=LAS  \\$aW2308-1659$b00$c20230923$lBLL01$h1045

