=LDR  01958cam a2200481 a 4500
=001  015367495
=003  Uk
=005  20090908175610.0
=008  090525s2009\\\\ja\\\\\\\\\\\\000\0\jpn\d
=FMT  \\$a  BK
=020  \\$a9784877852009
=020  \\$a487785200X
=035  \\$a(OCoLC)352599348
=040  \\$aTRCLS$cTRCLS
=084  \\$a210.76$2njb/9
=245  00$6880-01$aKōdo seichō no shiteki kenshō /$cNenpō nihon gendaishi henshū iinkai.
=260  \\$6880-02$aTōkyō :$bGendaishiryōshuppan,$c2009.
=300  \\$a234 p. ;$c21 cm.
=336  \\$atext$2rdacontent
=337  \\$aunmediated$2rdamedia
=338  \\$avolume$2rdacarrier
=490  1\$6880-03$aNenpō nihon gendaishi ;$v14
=650  07$6880-04$aNihon-Rekishi-Shōwa jidai(Senkyūhyakuyonjūgonen igo).$2jlabsh/4
=710  2\$6880-05.$a"Nenpō Nihon Gendaishi" Henshū Iinkai.
=856  4\$uhttp://www.bk1.jp/trcno/09028702/?partnerid=oclc&siteid=oclc$zJapanese record available for display
=880  00$6245-01$a高度成長の史的検証 /$c「年報日本現代史」編集委員会編.
=880  \\$6260-02$a東京 :$b現代史料出版,$c2009.
=880  \0$6440-03$a年報・日本現代史 ;$v第14号(2009)
=880  07$6650-04$a日本-歴史-昭和時代(1945年以後).$2jlabsh/4
=880  2\$6710-05$a「年報日本現代史」編集委員会.
=830  \0$6880-03$aNenpō Nihon gendaishi$v14.
=852  41$aBritish Library$bOC$jZP.9.a.41/14
=CAT  \\$a2717$b40$c20090908$lBLL01$h1755
=CAT  \\$a2717$b40$c20090908$lBLL01$h1756
=CAT  \\$aBATCH$b00$c20091217$lBLL01$h0542
=CAT  \\$aBATCH$b00$c20100103$lBLL01$h1333
=CAT  \\$aWR12170$c20121116$lBLL01$h1702
=CAT  \\$aBATCH-UPD$b00$c20130211$lBLL01$h2019
=CAT  \\$aBATCH-UPD$b00$c20230504$lBLL01$h1707
=CAT  \\$aW2308-1659$c20230923$lBLL01$h1047
=SID  \\$aZ39$bOCLC
=STA  \\$aSUPPRESSED$bPreliminary Record
=LAS  \\$aW2308-1659$b00$c20230923$lBLL01$h1047

