=LDR  02236 ai a2200529 a 4500
=001  015378296
=003  Uk
=005  20100825140326.0
=006  m\\\\\\\\d\|\\\\\\
=007  cr||||||||||||
=008  090925c200u9999enkdn\d\\\\\\\0\\\a2eng\\
=015  \\$aGBB0A0466$2bnb
=040  \\$aUk$beng$cUk$dUk
=042  \\$aukblsr
=082  04$a328.41$222
=245  00$aPublic information online$h[electronic resource].
=246  3\$aPIO
=260  \\$a[London] :$bDandy Booksellers
=310  \\$aUpdated daily
=336  \\$atext$2rdacontent
=337  \\$acomputer$2rdamedia
=338  \\$aonline resource$2rdacarrier
=500  \\$aTitle from home page (viewed Aug. 23, 2010).
=520  \\$aA one-stop-shop for access to full-text of UK Parliament papers from 2006/07 and Hansard from 2008/08; Scottish Parliament papers, minutes and debates from May 2007; Scottish Government papers from 2009; and Northern Ireland Assembly papers and debates from 2008.
=520  \\$aIncludes: House of Commons papers, House of Lords papers, Command papers, Bills and bill amendments.
=538  \\$aMode of access: World Wide Web.
=538  \\$aMode of access: Adobe Acrobat Reader.
=610  10$aGreat Britain.$bParliament$vDatabases.
=610  10$aScotland.$bScottish Executive$vDatabases.
=610  10$aNorthern Ireland.$bAssembly$vDatabases.
=651  \0$aGreat Britain$xPolitics and government$vDatabases.
=651  \0$aScotland$xPolitics and government$vDatabases.
=651  \0$aNorthern Ireland$xPolitics and government$vDatabases.
=852  41$aBritish Library$bHMNTS$je-media
=856  40$uhttp://http://www.publicinformationonline.com/Default.aspx$zFor subscribers only, requires user name and password; BL Reading Room access
=CAT  \\$a10902$b40$c20090925$lBLL01$h1135
=CAT  \\$a3072$b40$c20100823$lBLL01$h1532
=CAT  \\$a3072$b40$c20100823$lBLL01$h1534
=CAT  \\$a3072$b40$c20100825$lBLL01$h1338
=CAT  \\$a3072$b40$c20100825$lBLL01$h1403
=CAT  \\$aBATCH-UPD$b40$c20120803$lBLL01$h0911
=CAT  \\$aBATCH-UPD$b40$c20131021$lBLL01$h1141
=FIN  \\$aY$d20100823
=FMT  \\$a  SE
=LAS  \\$aBATCH-UPD$b40$c20131021$lBLL01$h1141
=STA  \\$aSUPPRESSED$bDatabase
=TCO  \\$aCLA$bCLA$c008

