=LDR  02222cam a2200529 a 4500
=001  015416970
=003  Uk
=005  20091111145717.0
=008  090420s2009\\\\ja\\\\\\\\\\\\000\0\jpn\d
=FMT  \\$a  BK
=020  \\$a9784258120925
=020  \\$a4258120928
=035  \\$a(OCoLC)318873505
=040  \\$aTRCLS$cTRCLS
=084  \\$a332.235$2njb/9
=100  1\$6880-01$aUemura, Jin'ichi.
=245  10$6880-02$aKanbojia no makuro keiryō moderu to keizai shakai tōkei /$cUemura Jin'ichi.
=260  \\$6880-03$a[S.l.] :$bNihonbōekishinkōkikōajiakeizaikenkyūjo,$c2009.
=300  \\$a194 p. ;$c30 cm.
=336  \\$atext$2rdacontent
=337  \\$aunmediated$2rdamedia
=338  \\$avolume$2rdacarrier
=490  0\$6880-04$aAjia keizai kenkyūjo tōkei shiryō shirīzu ;$v92
=650  07$6880-05$aKanbojia-Keizai.$2jlabsh/4
=650  07$6880-06$aKeiryō keizaigaku.$2jlabsh/4
=650  07$6880-07$aKeizai bunseki.$2jlabsh/4
=650  07$6880-08$aKanbojia-Tōkei.$2jlabsh/4
=856  4\$uhttp://www.bk1.jp/trcno/09021448/?partnerid=oclc&siteid=oclc$zJapanese record available for display
=880  1\$6100-01$a植村仁一.
=880  10$6245-02$aカンボジアのマクロ計量モデルと経済・社会統計 /$c植村仁一著.
=880  \\$6260-03$a千葉 :$b日本貿易振興機構アジア経済研究所,$c2009.
=880  \0$6440-04$aアジア経済研究所統計資料シリーズ ;$v第92集
=880  \\$6500-00$a欧文タイトル:Macro-econometric Models and Socio-Economic Statistics of Cambodia
=880  07$6650-05$aカンボジア-経済.$2jlabsh/4
=880  07$6650-06$a計量経済学.$2jlabsh/4
=880  07$6650-07$a経済分析.$2jlabsh/4
=880  07$6650-08$aカンボジア-統計.$2jlabsh/4
=852  41$aBritish Library$bOC$jYP.2010.b.116
=CAT  \\$a12887$b40$c20091111$lBLL01$h1450
=CAT  \\$aBATCH-UPD$b40$c20091111$lBLL01$h1451
=CAT  \\$a12887$b40$c20091111$lBLL01$h1457
=CAT  \\$aWR12170$c20121116$lBLL01$h1702
=CAT  \\$aBATCH-UPD$b00$c20130330$lBLL01$h1740
=CAT  \\$aW2308-1659$c20230923$lBLL01$h1049
=SID  \\$aZ39$bOCLC
=STA  \\$aSUPPRESSED$bPreliminary Record
=LAS  \\$aW2308-1659$b00$c20230923$lBLL01$h1049

