=LDR  03621cai a2200829 a 4500
=001  015429252
=003  Uk
=005  20221108143315.0
=006  m\\\\\\\\d\\\\\\\\
=007  cr|cz|||||||||
=008  070529c20009999enkuu\dss\b\\\0\\\a2eng\d
=FMT  \\$a  SE
=015  \\$aGBB003436$2bnb
=035  \\$a(OCoLC)137239811
=040  \\$aEYD$cEYD$dZCU$dTXA$dAU@$dCN8ML$dUk
=042  \\$aukblsr
=043  \\$ae-uk---
=050  \4$aDA566.4$b.M388
=082  04$a306.094109044$222
=245  00$aMass observation online$h[electronic resource].
=260  \\$aMarlborough, Wiltshire, England :$bAdam Matthew Digital ;$a[Brighton] :$bUniversity of Sussex.
=336  \\$atext$2rdacontent
=337  \\$acomputer$2rdamedia
=338  \\$aonline resource$2rdacarrier
=362  1\$aBegan in 2000s?
=500  \\$aIncludes modules I-IV.
=520  \\$aThis resource includes essays on British social history collected between 1937 and 1972 during a project called the Mass Observation. The archives also include photographs, file reports, diaries, day surveys and links to other sites. Describes in detail aspects of British life in the 1940s and 1950s. Topics covered include attitudes to war, the role of the United Nations, youth crime, radio listening, famous people, and household budgeting.
=504  \\$aIncludes bibliographical references.
=538  \\$aMode of access: World Wide Web.
=588  \\$aDescription based on contents viewed on December 10, 2014; title from home page.
=506  \\$aAccess restricted to subscribers only.
=610  20$aMass-Observation Archive$vArchives.
=650  \0$aSocial surveys$zGreat Britain.
=650  \0$aPublic opinion$zGreat Britain$vSources.
=650  \0$aWorld War, 1939-1945$xPublic opinion.
=650  \0$aReconstruction (1939-1951)$zGreat Britain$xPublic opinion.
=650  \0$aSocial history$zGreat Britain$y20th century.
=650  \0$aMass society$vSources.
=651  \0$aGreat Britain$xSocial conditions$y20th century$vSources.
=651  \0$aGreat Britain$xSocial life and customs$y20th century.
=655  \0$aElectronic reference sources.
=710  2\$aMass-Observation Archive.
=710  2\$aAdam Matthew Digital (Firm)
=710  2\$aUniversity of Sussex.
=787  0\$aMass Observation Project.$tMass Observation Project
=856  40$uhttp://www.massobservation.amdigital.co.uk/$zFor subscribers only
=852  41$aBritish Library$bHMNTS$je-media
=985  \\$aINCLUDES UPDATES 1-4; Version viewed on December 10, 2014 includes module/update 4.
=CAT  \\$a10902$b40$c20091126$lBLL01$h1126
=CAT  \\$a3072$b40$c20100111$lBLL01$h1420
=CAT  \\$a3072$b40$c20100111$lBLL01$h1421
=CAT  \\$a3072$b40$c20100111$lBLL01$h1422
=CAT  \\$a11249$b40$c20100510$lBLL01$h1453
=CAT  \\$aBATCH-UPD$b40$c20100530$lBLL01$h1706
=CAT  \\$aBATCH-UPD$b40$c20100712$lBLL01$h2019
=CAT  \\$a3072$b40$c20120327$lBLL01$h1608
=CAT  \\$a3072$b40$c20120328$lBLL01$h1536
=CAT  \\$aBATCH-UPD$b40$c20130525$lBLL01$h2125
=CAT  \\$aBATCH-UPD$b40$c20131021$lBLL01$h1141
=CAT  \\$a3072$b40$c20131104$lBLL01$h1118
=CAT  \\$a3072$b40$c20140407$lBLL01$h1508
=CAT  \\$a3072$b40$c20141210$lBLL01$h1214
=CAT  \\$a3072$b40$c20141210$lBLL01$h1333
=CAT  \\$a3072$b40$c20141210$lBLL01$h1334
=CAT  \\$a3072$b40$c20141210$lBLL01$h1359
=CAT  \\$a3072$b40$c20150122$lBLL01$h1436
=CAT  \\$a3072$b40$c20221108$lBLL01$h1433
=FIN  \\$aY$d20100111
=SID  \\$aZ39$bOCLC
=STA  \\$aSUPPRESSED$bDatabase
=TCO  \\$aCLA$bCLA$c008
=LAS  \\$a3072$b40$c20221108$lBLL01$h1433

