=LDR  01942 ai a2200469 a 4500
=001  015444363
=003  Uk
=005  20110307095119.0
=006  m\\\\\\\\d\|\\\\\\
=007  cr||||||||||||
=008  091209c200u9999enkuu\d\\b\\\\0\\\a2eng\\
=040  \\$aUk$beng$cUk
=042  \\$aukblsr
=082  04$a016.941$222
=245  00$aBibliography of British and Irish history$h[electronic resource].
=246  13$aBBIH
=247  10$aRoyal Historical Society Bibliography (Online)
=260  \\$a[Turnhout] :$bBrepols
=336  \\$atext$2rdacontent
=337  \\$acomputer$2rdamedia
=338  \\$aonline resource$2rdacarrier
=500  \\$aTitle from search screen (viewed Mar. 4, 2011).
=520  \\$aProvides bibliographic data on historical writing dealing with the British Isles, and with the British Empire and Commonwealth, from 55 B.C. to the present. Successor to the Royal Historical Society Bibliography.
=538  \\$aMode of access: World Wide Web.
=550  \\$a"BBIH is a partnership between the Instititute of Historical Research, the Royal Society and Brepols".
=651  \0$aGreat Britain$xHistory$vBibliography.
=651  \0$aIreland$xHistory$vBibliography.
=710  2\$aUniversity of London.$bInstitute of Historical Research.
=710  2\$aRoyal Historical Society (Great Britain)
=852  41$aBritish Library$bHMNTS$je-media
=856  40$uhttp://apps.brepolis.net/BrepolisPortal/default.aspx$zFor subscribers only; BL Reading Room access; follow links to resource
=CAT  \\$a10902$b40$c20091209$lBLL01$h1710
=CAT  \\$a3072$b40$c20110304$lBLL01$h1720
=CAT  \\$a3072$b40$c20110304$lBLL01$h1721
=CAT  \\$a3072$b40$c20110304$lBLL01$h1722
=CAT  \\$a3072$b40$c20110307$lBLL01$h0951
=CAT  \\$aBATCH-UPD$b40$c20131021$lBLL01$h1141
=FIN  \\$aY$d20110304
=FMT  \\$a  SE
=LAS  \\$aBATCH-UPD$b40$c20131021$lBLL01$h1141
=STA  \\$aSUPPRESSED$bDatabase
=TCO  \\$aCLA$bCLA$c008

