=LDR  01853cam a2200493 a 4500
=001  015458245
=003  Uk
=005  20100105121927.0
=008  091130s2009\\\\ja\\\\\\\\\\\\000\0\jpn\d
=FMT  \\$a  BK
=020  \\$a9784258045808
=020  \\$a4258045802
=035  \\$a(OCoLC)471403035
=040  \\$aTRCLS$cTRCLS
=084  \\$a312.25$2njb/9
=245  00$6880-01$aIndo minshu shugi taisei no yukue :$bchōsen to hen'yō /$cKondō Norio.
=260  \\$6880-02$a[S.l.] :$bAjiakeizaikenkyūjo,$c2009.
=300  \\$a410 p. ;$c22 cm.
=336  \\$atext$2rdacontent
=337  \\$aunmediated$2rdamedia
=338  \\$avolume$2rdacarrier
=490  1\$6880-03$aKenkyū sōsho ;$v580
=650  07$6880-04$aIndo-Seiji gyōsei.$2jlabsh/4
=650  07$6880-05$aMinshu seiji.$2jlabsh/4
=650  07$6880-06$aMinshu shugi.$2jlabsh/4
=700  1\$6880-07$aKondō, Norio.
=830  \0$6880-97$aKenkyū sōsho ;$v580.
=856  4\$uhttp://www.bk1.jp/trcno/09063207/?partnerid=oclc&siteid=oclc$zJapanese record available for display
=880  00$6245-01$aインド民主主義体制のゆくえ :$b挑戦と変容 /$c近藤則夫編.
=880  \\$6260-02$a千葉 :$bアジア経済研究所,$c2009.
=880  1\$6490-03$a研究双書 ;$v580
=880  07$6650-04$aインド-政治・行政.$2jlabsh/4
=880  07$6650-05$a民主政治.$2jlabsh/4
=880  07$6650-06$a民主主義.$2jlabsh/4
=880  1\$6700-07$a近藤則夫.
=880  \\$6830-97$a研究双書 ;$v580.
=852  \\$aBritish Library$bOC$jST.100/196(580)
=CAT  \\$a12887$b40$c20100105$lBLL01$h1219
=CAT  \\$aWR12170$c20121116$lBLL01$h1702
=CAT  \\$aBATCH-UPD$b00$c20150509$lBLL01$h1959
=CAT  \\$aW2308-1659$c20230923$lBLL01$h1051
=SID  \\$aZ39$bOCLC
=STA  \\$aSUPPRESSED$bPreliminary Record
=LAS  \\$aW2308-1659$b00$c20230923$lBLL01$h1051

