=LDR  01606cam a2200445 a 4500
=001  015458254
=003  Uk
=005  20100105122355.0
=008  091207s2009\\\\ja\\\\\\\\\\\\000\0\jpn\d
=FMT  \\$a  BK
=020  \\$a9784258045815
=020  \\$a4258045810
=035  \\$a(OCoLC)475669259
=040  \\$aTRCLS$cTRCLS
=084  \\$a361.76$2njb/9
=245  00$6880-01$aGendai afurika nōson to kōkyōken /$cKodama Yuka.
=260  \\$6880-02$a[S.l.] :$bAjiakeizaikenkyūjo,$c2009.
=300  \\$a307 p. ;$c22 cm.
=336  \\$atext$2rdacontent
=337  \\$aunmediated$2rdamedia
=338  \\$avolume$2rdacarrier
=490  1\$6880-03$aKenkyū sōsho ;$v581
=650  07$6880-04$aNōson-Afurika.$2jlabsh/4
=700  1\$6880-05$aKodama, Yuka.
=830  \0$6880-97$aKenkyū sōsho ;$v581.
=856  4\$uhttp://www.bk1.jp/trcno/09063558/?partnerid=oclc&siteid=oclc$zJapanese record available for display
=880  00$6245-01$a現代アフリカ農村と公共圈 /$c児玉由佳編.
=880  \\$6260-02$a千葉 :$bアジア経済研究所,$c2009.
=880  1\$6490-03$a研究双書 ;$v581
=880  07$6650-04$a農村-アフリカ.$2jlabsh/4
=880  1\$6700-05$a児玉由佳.
=880  \\$6830-97$a研究双書 ;$v581.
=852  \\$aBritish Library$bOC$jST.100/196(581)
=CAT  \\$a12887$b40$c20100105$lBLL01$h1223
=CAT  \\$aWR12170$c20121116$lBLL01$h1702
=CAT  \\$aBATCH-UPD$b00$c20230504$lBLL01$h1707
=CAT  \\$aW2308-1659$c20230923$lBLL01$h1051
=SID  \\$aZ39$bOCLC
=STA  \\$aSUPPRESSED$bPreliminary Record
=LAS  \\$aW2308-1659$b00$c20230923$lBLL01$h1051

