=LDR  01494cam a2200421 a 4500
=001  015458686
=003  Uk
=005  20100106153218.0
=008  080910s2008\\\\ja\a\\\\\\\\\\000\0\jpn\d
=FMT  \\$a  BK
=020  \\$a9784792406554
=020  \\$a4792406552
=035  \\$a(OCoLC)247856359
=040  \\$aTRCLS$cTRCLS$dMZA
=050  \4$aTR646.J3$bS86 2008
=084  \\$a748$2njb/9
=100  1\$6880-01$aSuematsu, Chiaki,$d1948-
=245  10$6880-02$aThrough :$bSuematsu Chiaki shashinshū /$cChiaki Suematsu.
=260  \\$6880-03$aŌsaka :$bSeibundō shuppan,$c2008.
=300  \\$a1 v. :$bcol. ill. ;$c23 cm.
=336  \\$atext$2rdacontent
=337  \\$aunmediated$2rdamedia
=338  \\$avolume$2rdacarrier
=600  10$6880-04$aSuematsu, Chiaki,$d1948-
=650  \0$aPhotography, Artistic$zJapan.
=650  \0$aPhotographers$zJapan.
=856  4\$uhttp://www.bk1.jp/trcno/08104804/?partnerid=oclc&siteid=oclc$zJapanese record available for display
=880  1\$6100-01$a末松千明,$d1948-
=880  10$6245-02$aThrough :$b末松千明写真集 /$cChiaki Suematsu.
=880  \\$6260-03$a大阪 :$b清文堂出版,$c2008.
=880  14$6600-04$a末松千明,$d1948-
=852  41$aBritish Library$bOC$jYD.2010.a.3360
=CAT  \\$a2717$b40$c20100106$lBLL01$h1532
=CAT  \\$aWR12170$c20121116$lBLL01$h1702
=CAT  \\$aW2308-1659$c20230923$lBLL01$h1051
=SID  \\$aZ39$bOCLC
=STA  \\$aSUPPRESSED$bPreliminary Record
=LAS  \\$aW2308-1659$b00$c20230923$lBLL01$h1051

