=LDR  02278cam a2200577 a 4500
=001  015459709
=003  Uk
=005  20100108173247.0
=008  081215s2008\\\\ja\a\\\\\b\\\\000\0\jpn\d
=FMT  \\$a  BK
=020  \\$a9784497208064 :$cY3200
=020  \\$a4497208060
=035  \\$a(OCoLC)290466602
=040  \\$aTRCLS$cTRCLS$dUIU$dIUL
=043  \\$aa-cc---
=050  \4$aLA1131.82$b.F88 2008
=084  \\$a372.22$2njb/9
=245  00$6880-01$aFuttōsuru Chūgoku no kyōiku kaikaku /$cSuwa Tetsuo, Ō Chishin, Saitō Toshihiko hencho.
=260  \\$6880-02$aTōkyō :$bTōhō Shoten,$c2008.
=300  \\$axx, 301 p. :$bill. ;$c22 cm.
=336  \\$atext$2rdacontent
=337  \\$aunmediated$2rdamedia
=338  \\$avolume$2rdacarrier
=490  1\$6880-03$aGakushūin Daigaku Tōyō bunka kenkyū sōsho
=504  \\$aIncludes bibliographical references.
=650  \0$aEducation$zChina$xHistory$y1976-
=650  \0$aEducation$zChina$xEvaluation.
=650  \0$aEducational equalization$zChina.
=650  \0$aEducational change$zChina.
=650  07$6880-04$aChūgoku-Kyōiku.$2jlabsh/4
=700  1\$6880-05$aSuwa, Tetsuo,$d1949-
=700  1\$6880-06$aWang, Zhixin,$d1952-
=700  1\$6880-07$aSaitō, Toshihiko,$d1953-
=830  \0$6880-08$aGakushūin Daigaku Tōyō bunka kenkyū sōsho
=856  4\$uhttp://www.bk1.jp/trcno/08064441/?partnerid=oclc&siteid=oclc$zJapanese record available for display
=880  00$6245-01$a沸騰する中国の教育改革 /$c諏訪哲郎, 王智新, 斉藤利彦編著.
=880  \\$6260-02$a東京 :$b東方書店,$c2008.
=880  1\$6490-03$a学習院大学東洋文化研究叢書
=880  07$6650-04$a中国-教育.$2jlabsh/4
=880  1\$6700-05$a諏訪哲郎,$d1949-
=880  1\$6700-06$a王智新,$d1952-
=880  1\$6700-07$a斉藤利彦,$d1953-
=880  \0$6830-08$a学習院大学東洋文化研究叢書.
=852  41$aBritish Library$bOC$jYP.2010.a.1457
=CAT  \\$a2717$b40$c20100108$lBLL01$h1732
=CAT  \\$aBATCH-UPD$b40$c20100108$lBLL01$h1733
=CAT  \\$aWR12170$c20121116$lBLL01$h1703
=CAT  \\$aW2308-1659$c20230923$lBLL01$h1051
=SID  \\$aZ39$bOCLC
=STA  \\$aSUPPRESSED$bPreliminary Record
=LAS  \\$aW2308-1659$b00$c20230923$lBLL01$h1051

