=LDR  02922cam a2200541 a 4500
=001  015461335
=003  Uk
=005  20100112134107.0
=008  090622s2008\\\\ja\\\\\\\\\\\\000\0\jpn\d
=FMT  \\$a  BK
=035  \\$a(OCoLC)406304202
=040  \\$aTRCLS$cTRCLS$dHUA
=041  0\$ajpn$achi
=050  \4$aBQ2027$b.K66 2008
=084  \\$a183.5$2njb/9
=245  00$6880-01$aKongōji zō Kan Muryōju kyō Muryōju kyō ubadaisha ganshōge chū kange /$c[henshū Kokusai Bukkyōgaku Daigakuin Daigaku Gakujutsu Furontia Jikkō Iinkai].
=246  1\$iTitle in English on p. [4] of cover:$aManuscripts in the Kongō-ji collection :$bGuan wuliangshou jing Wuliangshou jing yupotishe yuansheng ji zhu , scroll II
=246  30$6880-02$aMuryōju kyō ubadaisha ganshōge chū kange
=260  \\$6880-03$aTōkyō :$bKokusai Bukkyōgaku Daigakuin Daigaku Gakujutsu Furontia Jikkō Iinkai,$c2008.
=300  \\$a364, 5 p. ;$c30 cm.
=336  \\$atext$2rdacontent
=337  \\$aunmediated$2rdamedia
=338  \\$avolume$2rdacarrier
=490  1\$6880-04$aNihon koshakyō zenpon sōkan ;$vdai 3-shū =$aBibliotheca codicologica Nipponica ;$vIII
=630  00$aTripiṭaka.$pSūtrapiṭaka.$pAmitāyurdhyānasūtra$xCriticism, interpretation, etc.
=600  00$aVasubandhu.$tSukhāvativyūhopadésa.
=650  07$6880-05$aKanmuryōjukyō.$2jlabsh/4
=730  02$aTripiṭaka.$pSūtrapiṭaka.$pAmitāyurdhyānasūtra.$lJapanese & Chinese.
=700  02$aVasubandhu.$tSukhāvativyūhopadésa.$lJapanese & Chinese.
=710  2\$6880-06$aKokusai Bukkyōgaku Daigakuin Daigaku.$bGakujutsu Furontia Jikkō Iinkai.
=830  \0$6880-07$aNihon koshakyō zenpon sōkan$vdai 3-shū.
=856  4\$uhttp://www.bk1.jp/trcno/09102832/?partnerid=oclc&siteid=oclc$zJapanese record available for display
=880  00$6245-01$a金剛寺蔵観無量寿経無量寿経優婆提舎願生偈註卷下 /$c[編集国際仏教学大学院大学学術フロンティア実行委員会].
=880  30$6246-02$a無量寿経優婆提舎願生偈註卷下
=880  \\$6260-03$a東京 :$b国際仏教学大学院大学学術フロンティア実行委員会,$c2008.
=880  1\$6490-04$a日本古写経善本叢刊 ;$v第3輯 =$aBibliotheca codicologica Nipponica ;$vIII
=880  07$6650-05$a観無量寿経.$2jlabsh/4
=880  2\$6710-06$a国際仏教学大学院大学.$b学術フロンティア実行委員会.
=880  \0$6830-07$a日本古写経善本叢刊 ;$v第3輯
=852  41$aBritish Library$bOC$jYP.2010.b.181
=CAT  \\$a2717$b40$c20100112$lBLL01$h1341
=CAT  \\$aBATCH-UPD$b40$c20100527$lBLL01$h2021
=CAT  \\$aWR12170$c20121116$lBLL01$h1703
=CAT  \\$aBATCH-UPD$b00$c20171116$lBLL01$h2224
=CAT  \\$aW2308-1659$c20230923$lBLL01$h1052
=SID  \\$aZ39$bOCLC
=STA  \\$aSUPPRESSED$bPreliminary Record
=LAS  \\$aW2308-1659$b00$c20230923$lBLL01$h1052

