=LDR  03145cai a2200625 a 4500
=001  015461536
=003  Uk
=005  20220317134126.0
=006  m\\\\\\\\d\|\\\\\\
=007  cr||||||||||||
=008  100112c200u9999enkuu\d\s\\\\\0\\\a2eng\\
=FMT  \\$a  SE
=015  \\$aGBB005512$2bnb
=040  \\$aUk$beng$cUk$dUk
=042  \\$aukblsr
=082  04$a338.7$222
=245  00$aMarketIQ.$p[Companies (UK)].
=246  13$aMarket IQ.$pCompanies (UK)
=246  1\$iAlso known as:$aExperian MarketIQ.$pCompanies (UK)
=246  1\$iTitle on invoice:$aMiq companies (UK)
=246  1\$iFormer variant:$aExperian B2B researcher
=247  10$aB2B researcher$f<Jan. 13, 2009>-<2013>
=260  \\$aNottingham :$bExperian Ltd
=336  \\$atext$2rdacontent
=337  \\$acomputer$2rdamedia
=338  \\$aonline resource$2rdacarrier
=538  \\$aMode of access: World Wide Web.
=500  \\$aMain title from login screen; section title supplied from invoice.
=520  \\$aMarketIQ contains detailed information for 2.8 million registered UK and Irish businesses with their branches and 1.6 million 'non-corporate' entities like sole traders. Among the 5 million contact names are Marketing Managers and Directors.
=650  \0$aCorporations$zGreat Britain$vDatabases.
=650  \0$aBusiness enterprises$zGreat Britain$vDatabases.
=650  \0$aCorporations$zIreland$vDatabases.
=650  \0$aBusiness enterprises$zIreland$vDatabases.
=690  7\$aManagement and Business Studies$2blcoll
=710  2\$aExperian (Firm)
=856  40$uttps://www.secure-marketiq.com/users/sign_in$zFor subscribers only, user name and password required
=852  41$aBritish Library$bSTI$je-media
=985  \\$aSub cancelled (email from S.Ashpitel 10/1/2012) and reinstated from 1 March 2012 (email from SA 24/2/12). Checked with Michelangelo Steffano & SA that this module is a direct replacement of B2B researcher - anwer yes. Asked because MarketIQ has expanded over the years & cat record not looked at since 2012. (login screen says: "Experian MarketIQ reveals new layers of market insight by combining the Corpfin global M&A database with comprehensive Companies House data and our market leading business, financial and risk databases - all on a single platform"). Has been MarketIQ since 2014 & invoicing is all on this record for this "companies UK" module - GC 17/3/22.
=CAT  \\$a10902$b40$c20100112$lBLL01$h1536
=CAT  \\$a3072$b40$c20100113$lBLL01$h1128
=CAT  \\$a3072$b40$c20100113$lBLL01$h1129
=CAT  \\$a3072$b40$c20100113$lBLL01$h1139
=CAT  \\$a3072$b40$c20100113$lBLL01$h1140
=CAT  \\$aBATCH690$c20100715$lBLL01$h2117
=CAT  \\$aBATCH-MBS$c20100716$lBLL01$h2058
=CAT  \\$a3072$b40$c20120112$lBLL01$h1018
=CAT  \\$a11279$b40$c20120227$lBLL01$h0841
=CAT  \\$a3072$b40$c20120227$lBLL01$h0955
=CAT  \\$aBATCH-UPD$b40$c20131021$lBLL01$h1141
=CAT  \\$a3072$b40$c20220317$lBLL01$h1210
=CAT  \\$a3072$b40$c20220317$lBLL01$h1341
=FIN  \\$aY$d20100113
=STA  \\$aSUPPRESSED$bDatabase
=TCO  \\$aCLA$bCLA$c008
=LAS  \\$a3072$b40$c20220317$lBLL01$h1341

