=LDR  02087 ai a2200505 a 4500
=001  015485723
=003  Uk
=005  20100211114418.0
=006  m\\\\\\\\d\|\\\\\\
=007  cr||||||||||||
=008  100205c20099999fluuu\dssi\\\\0\\\\2afr\d
=035  \\$a(OCoLC)503581502
=040  \\$aNOC$cNOC$dUk
=041  0\$aafr$adut$aeng$afre$apor$axho
=042  \\$aukblsr
=082  04$a079.6$222
=245  00$aAfrican newspapers$h[electronic resource] :$bfrom the World newspaper archive.
=260  \\$aNaples, Fla. :$bReadex.
=336  \\$atext$2rdacontent
=337  \\$acomputer$2rdamedia
=338  \\$aonline resource$2rdacarrier
=362  1\$aBegan in 2009?
=500  \\$aTitle from home page (viewed Feb. 5, 2010).
=500  \\$aPublished by Readex in partnership with the Center for Research Libraries.
=506  \\$aAccess restricted to subscribers.
=520  \\$aPart of Readex's World Newspaper Archive. When complete, African Newspapers will include over 30 fully searchable African newspapers. The online archive is presently under construction. Four separate newspaper titles published in Zimbabwe, Kenya and South Africa in the 19th and early 20th centuries are currently available to search.
=538  \\$aMode of access: World Wide Web.
=651  \0$aAfrica$vNewspapers.
=651  \0$aAfrica$xHistory$y19th century$vSources.
=655  \0$aElectronic reference sources.
=710  2\$aReadex, Inc.
=710  2\$aCenter for Research Libraries (U.S.)
=773  0\$aWorld newspaper archive
=852  41$aBritish Library$bHMNTS$je-media
=856  40$uhttp://infoweb.newsbank.com/?db=WHNPX&d_collections=WHNPAFR1$zFor subscribers only, follow link to resource; BL Reading Room access
=CAT  \\$a3072$b40$c20100211$lBLL01$h1140
=CAT  \\$a3072$b40$c20100211$lBLL01$h1142
=CAT  \\$a3072$b40$c20100211$lBLL01$h1144
=CAT  \\$aBATCH-UPD$b40$c20131021$lBLL01$h1141
=FIN  \\$aY$d20100211
=FMT  \\$a  SE
=LAS  \\$aBATCH-UPD$b40$c20131021$lBLL01$h1141
=SID  \\$aZ39$bOCLC
=STA  \\$aSUPPRESSED$bDatabase
=TCO  \\$aTRS$bCCC$c008

