=LDR  01934cam a2200505 a 4500
=001  015493603
=003  Uk
=005  20100223134336.0
=008  100208s2010\\\\ja\\\\\\\\\\\\000\0\jpn\d
=FMT  \\$a  BK
=020  \\$a9784258045839
=020  \\$a4258045837
=035  \\$a(OCoLC)505160920
=040  \\$aTRCLS$cTRCLS
=084  \\$a342$2njb/9
=245  00$6880-01$aKaihatsu tojōkoku to zaisei :$bsainyūshutsu saimu gabanansu ni okeru shokadai /$cKashiwabara Chie.
=260  \\$6880-02$a[S.l.] :$bAjiakeizaikenkyūjo,$c2010.
=300  \\$a294 p. ;$c22 cm.
=336  \\$atext$2rdacontent
=337  \\$aunmediated$2rdamedia
=338  \\$avolume$2rdacarrier
=490  1\$6880-03$aKenkyū sōsho ;$v583
=650  07$6880-04$aZaisei.$2jlabsh/4
=650  07$6880-05$aZaisei seisaku.$2jlabsh/4
=650  07$6880-06$aHatten tojōkoku.$2jlabsh/4
=700  1\$6880-07$aKashiwabara, Chie.
=830  \0$6880-97$aKenkyū sōsho ;$v583.
=856  4\$uhttp://www.bk1.jp/trcno/10007158/?partnerid=oclc&siteid=oclc$zJapanese record available for display
=880  00$6245-01$a開発途上国と財政 :$b歲入出,債務,ガバナンスにおける諸課題 /$c柏原千英編.
=880  \\$6260-02$a千葉 :$bアジア経済研究所,$c2010.
=880  1\$6490-03$a研究双書 ;$v583
=880  07$6650-04$a財政.$2jlabsh/4
=880  07$6650-05$a財政政策.$2jlabsh/4
=880  07$6650-06$a発展途上国.$2jlabsh/4
=880  1\$6700-07$a柏原千英.
=880  \\$6830-97$a研究双書 ;$v583.
=852  41$aBritish Library$bOC$jS.T.100/196(583)
=CAT  \\$a2717$b40$c20100223$lBLL01$h1343
=CAT  \\$aBATCH-UPD$b40$c20100408$lBLL01$h2018
=CAT  \\$aWR12170$c20121116$lBLL01$h1703
=CAT  \\$aBATCH-UPD$b00$c20230504$lBLL01$h1707
=CAT  \\$aW2308-1659$c20230923$lBLL01$h1053
=SID  \\$aZ39$bOCLC
=STA  \\$aSUPPRESSED$bPreliminary Record
=LAS  \\$aW2308-1659$b00$c20230923$lBLL01$h1053

