=LDR  01814cam a2200481 a 4500
=001  015493609
=003  Uk
=005  20100223134611.0
=008  100201s2010\\\\ja\\\\\\\\\\\\000\0\jpn\d
=FMT  \\$a  BK
=020  \\$a9784258045822
=020  \\$a4258045829
=035  \\$a(OCoLC)502981746
=040  \\$aTRCLS$cTRCLS
=084  \\$a312.224$2njb/9
=245  00$6880-01$aPosuto minshukaki no taiwan seiji :$bchin suihen seiken no hachinen /$cWakabayashi Masahiro.
=260  \\$6880-02$a[S.l.] :$bAjiakeizaikenkyūjo,$c2010.
=300  \\$a342 p. ;$c22 cm.
=336  \\$atext$2rdacontent
=337  \\$aunmediated$2rdamedia
=338  \\$avolume$2rdacarrier
=490  1\$6880-03$aKenkyū sōsho ;$v582
=600  14$6880-04$aChin, Suihen.
=650  07$6880-05$aTaiwan-Seiji gyōsei.$2jlabsh/4
=700  1\$6880-06$aWakabayashi, Masahiro.
=830  \0$6880-97$aKenkyū sōsho ;$v582.
=856  4\$uhttp://www.bk1.jp/trcno/10005077/?partnerid=oclc&siteid=oclc$zJapanese record available for display
=880  00$6245-01$aポスト民主化期の台湾政治 :$b陳水扁政権の8年 /$c若林正丈編.
=880  \\$6260-02$a千葉 :$bアジア経済研究所,$c2010.
=880  1\$6490-03$a研究双書 ;$v582
=880  \\$6500-00$a台湾政治年表:p340-342
=880  14$6600-04$a陳水扁.
=880  07$6650-05$a台湾-政治・行政.$2jlabsh/4
=880  1\$6700-06$a若林正丈.
=880  \\$6830-97$a研究双書 ;$v582.
=852  41$aBritish Library$bOC$jS.T.100/196(582)
=CAT  \\$a2717$b40$c20100223$lBLL01$h1346
=CAT  \\$aWR12170$c20121116$lBLL01$h1703
=CAT  \\$aBATCH-UPD$b00$c20230504$lBLL01$h1707
=CAT  \\$aW2308-1659$c20230923$lBLL01$h1053
=SID  \\$aZ39$bOCLC
=STA  \\$aSUPPRESSED$bPreliminary Record
=LAS  \\$aW2308-1659$b00$c20230923$lBLL01$h1053

