=LDR  01803cam a2200469 a 4500
=001  015502293
=003  Uk
=005  20100304171150.0
=008  091221s2009\\\\ja\\\\\\\\\\\\000\0\jpn\d
=FMT  \\$a  BK
=020  \\$a9784766417111
=020  \\$a4766417119
=035  \\$a(OCoLC)491329186
=040  \\$aTRCLS$cTRCLS
=084  \\$a386.2$2njb/9
=245  00$6880-01$aHigashiajia no minshū bunka to shukusai kūkan /$cSuzuki Masataka.
=260  \\$6880-02$aTōkyō :$bKeiōgijukudaigakuhigashiajiakenkyūjo,$c2009.
=300  \\$a447 p. ;$c19 cm.
=336  \\$atext$2rdacontent
=337  \\$aunmediated$2rdamedia
=338  \\$avolume$2rdacarrier
=490  1\$6880-03$aHigashiajia kenkyūjo kōza
=650  07$6880-04$aMatsuri-Ajia(Tōbu).$2jlabsh/4
=650  07$6880-05$aKyōdo geinō.$2jlabsh/4
=700  1\$6880-06$aSuzuki, Masataka.
=830  \0$6880-97$aHigashiajia kenkyūjo kōza.
=856  4\$uhttp://www.bk1.jp/trcno/09067142/?partnerid=oclc&siteid=oclc$zJapanese record available for display
=880  00$6245-01$a東アジアの民衆文化と祝祭空間 /$c鈴木正崇編.
=880  \\$6260-02$a東京 :$b慶応義塾大学東アジア研究所,$c2009.
=880  1\$6490-03$a東アジア研究所講座
=880  07$6650-04$a祭り-アジア(東部).$2jlabsh/4
=880  07$6650-05$a鄉土芸能.$2jlabsh/4
=880  1\$6700-06$a鈴木正崇.
=880  \\$6830-97$a東アジア研究所講座.
=852  41$aBritish Library$bOC$jYP.2010.a.1996
=CAT  \\$a2717$b40$c20100304$lBLL01$h1711
=CAT  \\$aWR12170$c20121116$lBLL01$h1703
=CAT  \\$aBATCH-UPD$b00$c20230504$lBLL01$h1707
=CAT  \\$aW2308-1659$c20230923$lBLL01$h1053
=SID  \\$aZ39$bOCLC
=STA  \\$aSUPPRESSED$bPreliminary Record
=LAS  \\$aW2308-1659$b00$c20230923$lBLL01$h1053

