=LDR  01394cam a2200397 a 4500
=001  015515035
=003  Uk
=005  20100323132644.0
=008  100111s2009\\\\ja\\\\\\\\\\\\000\0\jpn\d
=FMT  \\$a  BK
=020  \\$a9784497209139
=020  \\$a449720913X
=035  \\$a(OCoLC)496789602
=040  \\$aTRCLS$cTRCLS
=084  \\$a386.822$2njb/9
=245  00$aChūgoku kinsei bungeiron :$bnōson saishi kara toshi geinō e /$cTanaka Issei;Kominami Ichirō;Shiba Yoshinobu.
=260  \\$aTōkyō :$bTōyōbunko,$c2009.
=300  \\$a320 p. ;$c22 cm.
=336  \\$atext$2rdacontent
=337  \\$aunmediated$2rdamedia
=338  \\$avolume$2rdacarrier
=650  07$aKyōdo geinō-Rekishi.$2jlabsh/4
=650  07$aChūgoku bungaku-Rekishi.$2jlabsh/4
=650  07$aChūgoku-Rekishi-Min jidai.$2jlabsh/4
=650  07$aChūgoku-Rekishi-Shin jidai.$2jlabsh/4
=700  1\$aTanaka, Issei.
=700  1\$aKominami, Ichirō.
=700  1\$aShiba, Yoshinobu.
=856  4\$uhttp://www.bk1.jp/trcno/10002519/?partnerid=oclc&siteid=oclc$zJapanese record available for display
=852  41$aBritish Library$bOC$jYP.2010.a.2779
=CAT  \\$a2717$b40$c20100323$lBLL01$h1326
=CAT  \\$aWR12170$c20121116$lBLL01$h1703
=CAT  \\$aW2308-1659$c20230923$lBLL01$h1054
=SID  \\$aZ39$bOCLC
=STA  \\$aSUPPRESSED$bPreliminary Record
=LAS  \\$aW2308-1659$b00$c20230923$lBLL01$h1054

