=LDR  01821cam a2200493 a 4500
=001  015517991
=003  Uk
=005  20100324175438.0
=008  100315s2010\\\\ja\\\\\\\\\\\\000\0\jpn\d
=FMT  \\$a  BK
=020  \\$a9784258045846
=020  \\$a4258045845
=035  \\$a(OCoLC)555644953
=040  \\$aTRCLS$cTRCLS
=084  \\$a312$2njb/9
=245  00$6880-01$aShinkō minshu shugikoku ni okeru seitō no dōtai to hen'yō /$cSatō Akira.
=260  \\$6880-02$a[S.l.] :$bAjiakeizaikenkyūjo,$c2010.
=300  \\$a341 p. ;$c22 cm.
=336  \\$atext$2rdacontent
=337  \\$aunmediated$2rdamedia
=338  \\$avolume$2rdacarrier
=490  1\$6880-03$aKenkyū sōsho ;$v584
=650  07$6880-04$aSeiji.$2jlabsh/4
=650  07$6880-05$aHatten tojōkoku.$2jlabsh/4
=650  07$6880-06$aSeitō.$2jlabsh/4
=700  1\$6880-07$aSatō, Akira.
=830  \0$6880-97$aKenkyū sōsho ;$v584.
=856  4\$uhttp://www.bk1.jp/trcno/10013108/?partnerid=oclc&siteid=oclc$zJapanese record available for display
=880  00$6245-01$a新興民主主義国における政党の動態と変容 /$c佐藤章編.
=880  \\$6260-02$a千葉 :$bアジア経済研究所,$c2010.
=880  1\$6490-03$a研究双書 ;$v584
=880  07$6650-04$a政治.$2jlabsh/4
=880  07$6650-05$a発展途上国.$2jlabsh/4
=880  07$6650-06$a政党.$2jlabsh/4
=880  1\$6700-07$a佐藤章,$c政治
=880  \\$6830-97$a研究双書 ;$v584.
=852  41$aBritish Library$bOC$jS.T.100/196(584)
=CAT  \\$a2717$b40$c20100324$lBLL01$h1754
=CAT  \\$aWR12170$c20121116$lBLL01$h1703
=CAT  \\$aBATCH-UPD$b00$c20230504$lBLL01$h1707
=CAT  \\$aW2308-1659$c20230923$lBLL01$h1054
=SID  \\$aZ39$bOCLC
=STA  \\$aSUPPRESSED$bPreliminary Record
=LAS  \\$aW2308-1659$b00$c20230923$lBLL01$h1054

