=LDR  01802cam a2200481 a 4500
=001  015520260
=003  Uk
=005  20100329130523.0
=008  100315s2010\\\\ja\\\\\\\\\\\\000\0\jpn\d
=FMT  \\$a  BK
=020  \\$a9784258290192
=020  \\$a425829019X
=035  \\$a(OCoLC)555668281
=040  \\$aTRCLS$cTRCLS
=084  \\$a678.3$2njb/9
=100  1\$6880-01$aOkuda, Satoru.
=245  10$6880-02$aKankoku no efutīē :$bjūnen no ayumi to daisangoku eno eikyō /$cOkuda Satoru.
=260  \\$6880-03$a[S.l.] :$bAjiakeizaikenkyūjo,$c2010.
=300  \\$a247 p. ;$c21 cm.
=336  \\$atext$2rdacontent
=337  \\$aunmediated$2rdamedia
=338  \\$avolume$2rdacarrier
=490  1\$6880-04$aAjiken sensho ;$v19
=650  07$6880-05$aJiyū bōeki chiiki.$2jlabsh/4
=650  07$6880-06$aKankoku-Bōeki.$2jlabsh/4
=830  \0$6880-96$aAjiken sensho$v19.
=856  4\$uhttp://www.bk1.jp/trcno/10014055/?partnerid=oclc&siteid=oclc$zJapanese record available for display
=880  1\$6100-01$a奥田聡.
=880  10$6245-02$a韓国のFTA :$b10年の步みと第三国への影響 /$c奥田聡著.
=880  \\$6260-03$a千葉 :$bアジア経済研究所,$c2010.
=880  1\$6490-04$aアジ研選書 ;$vNo.19
=880  07$6650-05$a自由貿易地域.$2jlabsh/4
=880  07$6650-06$a韓国-貿易.$2jlabsh/4
=880  \\$6830-96$aアジ研選書 ;$vNo.19.
=852  41$aBritish Library$bOC$jZP.9.a.70/19
=CAT  \\$a2717$b40$c20100329$lBLL01$h1305
=CAT  \\$aBATCH-UPD$b40$c20100329$lBLL01$h1306
=CAT  \\$aWR12170$c20121116$lBLL01$h1703
=CAT  \\$aBATCH-UPD$b00$c20230504$lBLL01$h1707
=CAT  \\$aW2308-1659$c20230923$lBLL01$h1054
=SID  \\$aZ39$bOCLC
=STA  \\$aSUPPRESSED$bPreliminary Record
=LAS  \\$aW2308-1659$b00$c20230923$lBLL01$h1054

