=LDR  02111cam a2200493 a 4500
=001  015525921
=003  Uk
=005  20100407163311.0
=008  081119s2008\\\\ja\\\\\\\\\\\\000\0\jpn\d
=FMT  \\$a  BK
=020  \\$a9784784214402
=020  \\$a4784214402
=035  \\$a(OCoLC)274817491
=040  \\$aTRCLS$cTRCLS$dPUL$dWAU
=043  \\$aa-ja---
=084  \\$a709.1$2njb/9
=245  00$6880-01$aShōsōin ten :$brokujukkai no ayumi /$c[henshū Nara Kokuritsu Hakubutsukan].
=246  3\$6880-02$aShōsōin ten :$b60-kai no ayumi
=246  15$aSixty Shōsō-in exhibition in perspective
=260  \\$6880-03$aNara-shi :$bNara Kokuritsu Hakubutsukan ;$aKyōto-shi :$bHatsubai Shibunkaku Shuppan,$c2008.
=300  \\$a284 p. :$bill. (chiefly col.) ;$c30 cm.
=336  \\$atext$2rdacontent
=337  \\$aunmediated$2rdamedia
=338  \\$avolume$2rdacarrier
=500  \\$aCatalog of an exhibition held at Nara Kokuritsu Hakubutsukan, Oct. 25-Nov. 10, 2008.
=500  \\$aErrata slip inserted.
=546  \\$aIn Japanese ; Foreword and some captions of some also in English.
=650  \0$aArt, Japanese$yTo 794$vExhibitions.
=610  20$6880-04$aShōsōin (Nara-shi, Japan)$vExhibitions.
=710  2\$6880-05$aNara Kokuritsu Hakubutsukan.
=856  4\$uhttp://www.bk1.jp/trcno/08058270/?partnerid=oclc&siteid=oclc$zJapanese record available for display
=880  00$6245-01$a正倉院展 :$b六十回のあゆみ /$c[編集奈良国立博物館].
=880  3\$6246-02$a正倉院展 :$b60回のあゆみ
=880  \\$6260-03$a奈良市 :$b奈良国立博物館 ;$a京都市 :$b発売思文閤出版,$c2008.
=880  20$6610-04$a正倉院 (Nara-shi, Japan)$vExhibitions.
=880  2\$6710-05$a奈良国立博物館.
=852  41$aBritish Library$bOC$jYP.2010.b.362
=CAT  \\$a2717$b40$c20100407$lBLL01$h1633
=CAT  \\$aWR12170$c20121116$lBLL01$h1703
=CAT  \\$aBATCH-UPD$b00$c20230504$lBLL01$h1707
=CAT  \\$aW2308-1659$c20230923$lBLL01$h1054
=SID  \\$aZ39$bOCLC
=STA  \\$aSUPPRESSED$bPreliminary Record
=LAS  \\$aW2308-1659$b00$c20230923$lBLL01$h1054

