=LDR  02280cam a2200565 a 4500
=001  015525962
=003  Uk
=005  20110407095000.0
=008  090608s2009\\\\ja\a\\\\\b\\\\000\0\jpn\d
=FMT  \\$a  BK
=020  \\$a9784808708740
=020  \\$a4808708744
=035  \\$a(OCoLC)395045572
=040  \\$aTRCLS$cTRCLS$dCUI$dPIT
=041  \\$ajpn$aeng
=043  \\$aa-ja---
=050  \4$aND1482.E9$bY25 2009
=084  \\$a702.16$2njb/9
=245  00$6880-01$aYakudōsuru tamashii no kirameki :$bNihon no hyōgen shugi.
=246  30$6880-02$aNihon no hyōgen shugi
=246  15$aExpressionist movements in Japan
=250  \\$6880-03$aShohan.
=260  \\$6880-04$aTōkyō :$bTōkyō Bijutsu,$c2009.
=300  \\$a454 p. :$bill. (some col.) ;$c27 cm.
=336  \\$atext$2rdacontent
=337  \\$aunmediated$2rdamedia
=338  \\$avolume$2rdacarrier
=546  \\$aIn Japanese; Introduction, captions, and some articles also in English.
=500  \\$aOriginally published as an exhibition catalog for the exhibitions held at Tochigi Kenritsu Bijutsukan and other four places in Japan between Apr. 26, 2009 and Jan. 24, 2010.
=500  \\$aErrata slip inserted.
=504  \\$aIncludes bibliographical references (p. 410-423).
=650  \0$aExpressionism (Art)$zJapan$vExhibitions.
=650  07$6880-05$aNihon bijutsu-Rekishi-Kindai.$2jlabsh/4
=650  07$6880-06$aHyōgen shugi(Bijutsu).$2jlabsh/4
=856  4\$uhttp://www.bk1.jp/trcno/09031159/?partnerid=oclc&siteid=oclc$zJapanese record available for display
=880  00$6245-01$a躍動する魂のきらめき :$b日本の表現主義.
=880  30$6246-02$a日本の表現主義
=880  \\$6250-03$a初版.
=880  \\$6260-04$a東京 :$b東京美術,$c2009.
=880  07$6650-05$a日本美術-歴史-近代.$2jlabsh/4
=880  07$6650-06$a表現主義(美術).$2jlabsh/4
=852  41$aBritish Library$bOC$jYP.2010.b.349
=CAT  \\$a2717$b40$c20100407$lBLL01$h1848
=CAT  \\$a6537$b40$c20110407$lBLL01$h0950
=CAT  \\$aWR12170$c20121116$lBLL01$h1703
=CAT  \\$aBATCH-UPD$b00$c20230504$lBLL01$h1707
=CAT  \\$aW2308-1659$c20230923$lBLL01$h1054
=SID  \\$aZ39$bOCLC
=STA  \\$aSUPPRESSED$bPreliminary Record
=LAS  \\$aW2308-1659$b00$c20230923$lBLL01$h1054

