=LDR  01874cam a2200505 a 4500
=001  015527093
=003  Uk
=005  20100409170117.0
=008  091116s2009\\\\ja\\\\\\\\\\\\000\0\jpn\d
=FMT  \\$a  BK
=020  \\$a9784167773199
=020  \\$a4167773198
=035  \\$a(OCoLC)466065751
=040  \\$aTRCLS$cTRCLS$dOCLCQ
=084  \\$a722.5$2njb/9
=100  1\$6880-01$aYamada, Kazu.
=245  10$6880-02$aIndo miniachūru gensō /$cYamada Kazu.
=246  31$aImages of Indian miniature paintings
=260  \\$6880-03$aTōkyō :$bBungei Shunjū,$c2009.
=300  \\$a511 p. ;$c16 cm.
=336  \\$atext$2rdacontent
=337  \\$aunmediated$2rdamedia
=338  \\$avolume$2rdacarrier
=490  1\$6880-04$aBunshun bunko ;$vYa-44-1
=650  07$6880-05$aKaiga-Indo.$2jlabsh/4
=650  07$6880-06$aMiniachūru(Kaiga).$2jlabsh/4
=830  \0$6880-07$aBunshun bunko$vYa-44-1.
=856  4\$uhttp://www.bk1.jp/trcno/09058976/?partnerid=oclc&siteid=oclc$zJapanese record available for display
=880  1\$6100-01$a山田和.
=880  10$6245-02$aインドミニアチュール幻想 /$c山田和著.
=880  \\$6260-03$a東京 :$b文芸春秋,$c2009.
=880  1\$6490-04$a文春文庫 ;$vや44-1
=880  \\$6500-00$a欧文タイトル:The Images of Indian Miniature Paintings
=880  \\$6500-00$a文献:p471-482
=880  07$6650-05$a絵画-インド.$2jlabsh/4
=880  07$6650-06$aミニアチュール(絵画).$2jlabsh/4
=880  \\$6830-07$a文春文庫 ;$vや44-1.
=852  41$aBritish Library$bOC$jYP.2010.a.2145
=CAT  \\$a2717$b40$c20100409$lBLL01$h1701
=CAT  \\$aBATCH-UPD$b40$c20100409$lBLL01$h1701
=CAT  \\$aWR12170$c20121116$lBLL01$h1703
=CAT  \\$aW2308-1659$c20230923$lBLL01$h1055
=SID  \\$aZ39$bOCLC
=STA  \\$aSUPPRESSED$bPreliminary Record
=LAS  \\$aW2308-1659$b00$c20230923$lBLL01$h1055

