=LDR  03077cam a2200505 a 4500
=001  015528348
=003  Uk
=005  20100412161545.0
=008  090202s2008\\\\ja\a\\\\\\\\\\000\0\jpn\d
=FMT  \\$a  BK
=035  \\$a(OCoLC)301552495
=040  \\$aTRCLS$cTRCLS$dBMF$dWAU
=050  14$aND1063.4$b.C45 2008
=084  \\$a722.1$2njb/9
=245  00$6880-01$aChōsen Ōchō no kaiga to Nihon :$bSōtatsu, Taiga, Jakuchū mo mananda ringoku no bi = Chosŏn wangjo ŭi hoehwa wa Ilbon : Sotʿassŭ, Taiga, Chakʿŭchʿudo paeŭn iŭt nara ŭi mi = Paintings of Korea's Joseon dynasty and Japan : the art of a neighboring kingdom that inspired Sotatsu, Taiga and Jakuchu /$c[kanshū, kikaku, henshū Kō Zenhyō ... [et al.]].
=246  31$6880-02$aChosŏn wangjo ŭi hoehwa wa Ilbon :$bSotʿassŭ, Taiga, Chakʿŭchʿudo paeŭn iŭt nara ŭi mi
=246  31$aPaintings of Korea's Joseon dynasty and Japan :$bthe art of a neighboring kingdom that inspired Sotatsu, Taiga and Jakuchu
=260  \\$6880-03$a[Osaka] :$bYomiuri Shinbun Ōsaka Honsha,$c2008.
=300  \\$a322 p. :$bill., map ;$c30 cm.
=336  \\$atext$2rdacontent
=337  \\$aunmediated$2rdamedia
=338  \\$avolume$2rdacarrier
=500  \\$aCatalog of exhibitions held at Tochigi Kenritsu Bijutsukan, Nov. 2-Dec. 14, 2008; Shizuoka Kenritsu Bijutsukan, Feb. 17-Mar. 29, 2009; Sendai-shi Hakubutsukan, Apr. 17-May 24, 2009; and Okayama Kenritsu Bijutsukan, June 5-July 12, 2009.
=546  \\$aJapanese and Korean.
=504  \\$aIncludes bibliographical references (p. 282-293).
=500  \\$aErrata slip inserted.
=650  \0$aPainting, Korean$yChosŏn dynasty, 1392-1910$vExhibitions.
=650  \0$aPainting, Japanese$yEdo period, 1600-1868$vExhibitions.
=650  \0$aPainting, Japanese$xKorean influences$vExhibitions.
=700  1\$6880-04$aHong, Sŏn-p'yo,$d1949-
=710  2\$6880-05$aTochigi Kenritsu Bijutsukan.
=856  4\$uhttp://www.bk1.jp/trcno/09100298/?partnerid=oclc&siteid=oclc$zJapanese record available for display
=880  00$6245-01$a朝鮮王朝の絵画と日本 :$b宗達, 大雅, 若冲も学んだ隣国の美 = 조선 왕조 의 회화 와 일본 : 소타쓰, 다이가, 자크추도 배운 이웃 나라 의 미 = Paintings of Korea's Joseon dynasty and Japan : the art of a neighboring kingdom that inspired Sotatsu, Taiga and Jakuchu /$c[監修・企画・編集 洪 善杓 ... [et al.]].
=880  31$6246-02$a조선 왕조 의 회화 와 일본 :$b소타쓰, 다이가, 자크추도 배운 이웃 나라 의 미
=880  \\$6260-03$a[Osaka] :$b読売新聞大阪本社,$c2008.
=880  1\$6700-04$a洪 善杓,$d1949-
=880  2\$6710-05$a栃木県立美術館.
=852  41$aBritish Library$bOC$jYP.2010.b.279
=CAT  \\$a2717$b40$c20100412$lBLL01$h1615
=CAT  \\$aWR12170$c20121116$lBLL01$h1703
=CAT  \\$aBATCH-UPD$b00$c20161123$lBLL01$h2123
=CAT  \\$aW2308-1659$c20230923$lBLL01$h1055
=SID  \\$aZ39$bOCLC
=STA  \\$aSUPPRESSED$bPreliminary Record
=LAS  \\$aW2308-1659$b00$c20230923$lBLL01$h1055

