=LDR  01998cam a2200517 a 4500
=001  015531634
=003  Uk
=005  20100414173537.0
=008  100405s2010\\\\ja\\\\\\\\\\\\000\0\jpn\d
=FMT  \\$a  BK
=020  \\$a9784258290215
=020  \\$a4258290211
=035  \\$a(OCoLC)601012337
=040  \\$aTRCLS$cTRCLS
=084  \\$a509.238$2njb/9
=245  00$6880-01$aShinkō shokoku no shihonzai juyō :$broshia to betonamu no kōsaku kikai shijō /$cMizuno Junko.
=260  \\$6880-02$a[S.l.] :$bAjiakeizaikenkyūjo,$c2010.
=300  \\$a195 p. ;$c21 cm.
=336  \\$atext$2rdacontent
=337  \\$aunmediated$2rdamedia
=338  \\$avolume$2rdacarrier
=490  1\$6880-03$aAjiken sensho ;$v21
=650  07$6880-04$aRoshia-Kōgyō.$2jlabsh/4
=650  07$6880-05$aBetonamu-Kōgyō.$2jlabsh/4
=650  07$6880-06$aSetsubi tōshi.$2jlabsh/4
=650  07$6880-07$aKōsaku kikai.$2jlabsh/4
=700  1\$6880-08$aMizuno, Junko.
=830  \0$6880-97$aAjiken sensho$v21.
=856  4\$uhttp://www.bk1.jp/trcno/10017951/?partnerid=oclc&siteid=oclc$zJapanese record available for display
=880  00$6245-01$a新興諸国の資本財需要 :$bロシアとベトナムの工作機械市場 /$c水野順子編.
=880  \\$6260-02$a千葉 :$bアジア経済研究所,$c2010.
=880  1\$6490-03$aアジ研選書 ;$vNo.21
=880  07$6650-04$aロシア-工業.$2jlabsh/4
=880  07$6650-05$aベトナム-工業.$2jlabsh/4
=880  07$6650-06$a設備投資.$2jlabsh/4
=880  07$6650-07$a工作機械.$2jlabsh/4
=880  1\$6700-08$a水野順子.
=880  \\$6830-97$aアジ研選書 ;$vNo.21.
=852  41$aBritish Library$bOC$jZP.9.a.70/21
=CAT  \\$a2717$b40$c20100414$lBLL01$h1735
=CAT  \\$aWR12170$c20121116$lBLL01$h1703
=CAT  \\$aBATCH-UPD$b00$c20230504$lBLL01$h1707
=CAT  \\$aW2308-1659$c20230923$lBLL01$h1055
=SID  \\$aZ39$bOCLC
=STA  \\$aSUPPRESSED$bPreliminary Record
=LAS  \\$aW2308-1659$b00$c20230923$lBLL01$h1055

