=LDR  02599 ai a2200661 a 4500
=001  015534567
=003  Uk
=005  20140715143837.0
=006  m\\\\\\\\d\|\\\\\\
=007  cr||||||||||||
=008  100420c200u9999enkuu\d\\\\\\\0\\\a2eng\\
=015  \\$aGBB053908$2bnb
=040  \\$aUk$beng$cUk$dUk
=042  \\$aukblsr
=082  04$a362.106041$222
=245  00$aOneKey + NHS analyzer$h[electronic resource].
=246  3\$aOneKey plus NHS analyzer
=246  3\$aOne key plus NHS analyzer
=246  3\$aOne keyplus National Health Service Analyzer
=246  13$aNHS analyzer
=247  10$aHealth analyzer$f-2010
=247  10$aHealth service planner$f<2004>
=260  \\$a[Great Britain] :$aHealth Direction
=260  3\$aHavant :$bCegedim Dendrite
=336  \\$atext$2rdacontent
=337  \\$acomputer$2rdamedia
=338  \\$aonline resource$2rdacarrier
=500  \\$aTitle from search screen (viewed Apr. 20, 2010).
=520  \\$aProvides detailed information on NHS organisations, including Strategic Health Authorities and PCTs, covering their priorities, their personnel and full text of the documents they produce.
=538  \\$aMode of access: World Wide Web.
=650  \0$aNational health services$zGreat Britain$vDatabases.
=650  \0$aPrimary health care$zGreat Britain$vDatabases.
=650  \0$aPrimary care (Medicine)$zGreat Britain$vDatabases.
=690  7\$aSocial Welfare$2blcoll
=710  2\$aCegedim Dendrite Limited.
=852  41$aBritish Library$bHMNTS$je-media
=856  40$uhttp://http://www.onekeyplus.co.uk/$zFor subscribers only, requires user name and password required; BL Reading Room access
=985  \\$aResource subscription expires 31/3/14 (email from JG)
=CAT  \\$a10902$b40$c20100420$lBLL01$h1432
=CAT  \\$a3072$b40$c20100420$lBLL01$h1727
=CAT  \\$a3072$b40$c20100420$lBLL01$h1730
=CAT  \\$a3072$b40$c20100420$lBLL01$h1731
=CAT  \\$a3072$b40$c20100421$lBLL01$h0930
=CAT  \\$a3072$b40$c20100421$lBLL01$h0936
=CAT  \\$a3072$b40$c20100421$lBLL01$h0937
=CAT  \\$a3072$b40$c20100421$lBLL01$h0948
=CAT  \\$a3072$b40$c20100421$lBLL01$h1001
=CAT  \\$a7332$b40$c20100421$lBLL01$h1318
=CAT  \\$a11249$b40$c20110105$lBLL01$h1156
=CAT  \\$aBATCH$b00$c20110625$lBLL01$h0550
=CAT  \\$aBATCH-SWP4$c20110627$lBLL01$h1634
=CAT  \\$aBATCH-UPD$b00$c20131021$lBLL01$h1141
=CAT  \\$a11279$b40$c20140715$lBLL01$h1438
=FIN  \\$aY$d20100421
=FMT  \\$a  SE
=LAS  \\$a11279$b40$c20140715$lBLL01$h1438
=STA  \\$aSUPPRESSED$bDatabase
=TCO  \\$aCLA$bCLA$c008

