=LDR  02225cam a2200529 a 4500
=001  015549440
=003  Uk
=005  20100510165558.0
=008  080729s2008\\\\ja\a\\\\\b\\\\000\0\jpn\d
=FMT  \\$a  BK
=035  \\$a(OCoLC)237178513
=040  \\$aTRCLS$cTRCLS$dNDD
=050  \4$aHD5427.A6$bT354 2008 v.1
=084  \\$a366.621$2njb/9
=100  1\$6880-01$aTakeda, Makoto,$d1959-
=245  10$6880-02$aŌji Seishi sōgi (1957-60) :$bMiike tankō sōgi no zenshōsen, Nikkō Muroran sōgi no setsujokusen, "Nihon-teki rōshikan" kakuritsu o meguru rōshi kōsō /$c[chosha Takeda Makoto].
=250  \\$6880-03$aShohan.
=260  \\$6880-04$aNagoya :$bSekai Shuppan,$c2008.
=300  \\$av, 246 p.$bill. ;$c22 cm.
=336  \\$atext$2rdacontent
=337  \\$aunmediated$2rdamedia
=338  \\$avolume$2rdacarrier
=490  \0$6880-05$aTakeda Makoto zenshū ;$vdai 1-kan
=650  \0$aLabor disputes$zJapan.
=650  \0$aLabor movement$zJapan.
=610  20$6880-06.$aŌji Seishi Kabushiki Kaisha.
=610  20$6880-07$aMiike Tankō.
=610  20$6880-08$aNihon Seikō.$bMuroran Seikōjo.
=856  4\$uhttp://www.bk1.jp/trcno/08038459/?partnerid=oclc&siteid=oclc$zJapanese record available for display
=880  1\$6100-01$a竹田誠,$d1959-
=880  10$6245-02$a王子製紙争議 (1957-60) :$b三池炭鉱争議の前哨戦、日鋼室蘭争議の雪辱戦、"日本的労資関" 確立をめぐる労資抗争 /$c[著者・竹田誠].
=880  \\$6250-03$a初版.
=880  \\$6260-04$a名古屋 :$b世界出版,$c2008.
=880  \0$6440-05$a竹田誠全集 ;$v第1卷
=880  24$6610-06$a王子製紙株式会社.
=880  24$6610-07$a三池炭鉱.
=880  24$6610-08$a日本製鋼.$b室蘭製鋼所.
=852  41$aBritish Library$bOC$jYP.2010.a.2943
=CAT  \\$a2717$b40$c20100510$lBLL01$h1655
=CAT  \\$aBATCH-UPD$b40$c20100510$lBLL01$h1657
=CAT  \\$aWR12170$c20121116$lBLL01$h1703
=CAT  \\$aBATCH-UPD$b00$c20121116$lBLL01$h1822
=CAT  \\$aBATCH-UPD$b00$c20160321$lBLL01$h2348
=CAT  \\$aW2308-1659$c20230923$lBLL01$h1055
=SID  \\$aZ39$bOCLC
=STA  \\$aSUPPRESSED$bPreliminary Record
=LAS  \\$aW2308-1659$b00$c20230923$lBLL01$h1055

