=LDR  02588cam a2200661 a 4500
=001  015549887
=003  Uk
=005  20100511120903.0
=008  100301s2010\\\\ja\a\\\\\b\\\\000\0bjpn\c
=FMT  \\$a  BK
=020  \\$a9784642052566
=020  \\$a4642052569
=035  \\$a(OCoLC)534622493
=040  \\$aJaToTRC$cTRCLS$dOCLCQ$dZCU
=042  \\$apcc
=043  \\$aa-ja---
=050  \4$aBQ972.O547$bY36 2010
=084  \\$a188.52$2njb/9
=100  1\$6880-01$aYamada, Shōzen,$d1929-
=245  10$6880-02$aMongaku /$cYamada Shōzen ; Nihon Rekishi Gakkai henshū.
=250  \\$6880-03$aDai 1-han.
=260  \\$6880-04$aTōkyō :$bYoshikawa Kōbunkan,$c2010.
=300  \\$a19, 230 p. :$bill. ;$c19 cm.
=336  \\$atext$2rdacontent
=337  \\$aunmediated$2rdamedia
=338  \\$avolume$2rdacarrier
=490  1\$6880-05$aJinbutsu sōsho, shinsōban ;$v[tsūkan 263]
=504  \\$aIncludes bibliographical references (p. 225-230 (2nd group)).
=600  00$6880-06.$aMongaku,$dapproximately 1139-approximately 1203
=650  \0$aShingon priests$zJapan$vBiography.
=710  2\$6880-07.$aNihon Rekishi Gakkai.
=856  4\$uhttp://www.bk1.jp/trcno/10010250/?partnerid=oclc&siteid=oclc$zJapanese record available for display
=880  1\$6100-01$a山田昭全,$d1929-
=880  10$6245-02$a文覚 /$c山田昭全 ; 日本歴史学会編集.
=880  \\$6250-03$a第 1版.
=880  \\$6260-04$a東京 :$b吉川弘文館,$c2010.
=880  1\$6490-05$a人物叢書, 新装版 ;$v[通卷 263]
=880  \\$6500-00$a"略年譜:p216-224"--JaToTRC rept.
=880  04$6600-06$a文覚,$dca. 1139-ca. 1203.
=880  2\$6710-07$a日本歴史学会.
=880  \0$6830-08$a人物叢書 (Shinsōban) ;$v通卷 263.
=830  \0$6880-08$aJinbutsu sōsho (Shinsōban)$vtsūkan 263.
=852  41$aBritish Library$bOC$j16236.d.263
=985  \\$aRecord amended for WR# 13/070
=CAT  \\$a2717$b40$c20100511$lBLL01$h1209
=CAT  \\$aBATCH-UPD$b40$c20100511$lBLL01$h1209
=CAT  \\$aBATCH-UPD$b40$c20120813$lBLL01$h2106
=CAT  \\$aWR12170$c20121116$lBLL01$h1703
=CAT  \\$aWR13_070$b00$c20130504$lBLL01$h0325
=CAT  \\$aBATCH-UPD$b00$c20130506$lBLL01$h1353
=CAT  \\$aBATCH-UPD$b00$c20130507$lBLL01$h1853
=CAT  \\$aWR13_070$b00$c20130525$lBLL01$h1415
=CAT  \\$aBATCH-UPD$b00$c20130525$lBLL01$h1753
=CAT  \\$aBATCH-UPD$b00$c20170917$lBLL01$h2102
=CAT  \\$aW2308-1659$c20230923$lBLL01$h1055
=SID  \\$aZ39$bOCLC
=STA  \\$aSUPPRESSED$bPreliminary Record
=LAS  \\$aW2308-1659$b00$c20230923$lBLL01$h1055

