=LDR  01774cam a2200457 a 4500
=001  015556153
=003  Uk
=005  20100518154022.0
=008  090831s2009\\\\ja\\\\\\\\\\\\000\0\jpn\d
=FMT  \\$a  BK
=020  \\$a9784473035936
=020  \\$a447303593X
=035  \\$a(OCoLC)435377554
=040  \\$aTRCLS$cTRCLS
=084  \\$a706.9$2njb/9
=245  00$6880-01$aKokuritsu seiyō bijutsukan tenrankai sōran :$bsenkyūhyakurokujū nisenkyū /$cKokuritsu seiyō bijutsukan.
=246  31$aExhibition chronology and artist index 1960-2009
=260  \\$6880-02$aKyōto :$bTankōsha,$c2009.
=300  \\$a423 p. ;$c26 cm.
=336  \\$atext$2rdacontent
=337  \\$aunmediated$2rdamedia
=338  \\$avolume$2rdacarrier
=650  07$6880-03$aBijutsu tenrankai.$2jlabsh/4
=610  24$6880-04.$aKokuritsu Seiyō Bijutsukan.
=710  2\$6880-05$aKokuritsu Seiyō Bijutsukan.
=856  4\$uhttp://www.bk1.jp/trcno/09045583/?partnerid=oclc&siteid=oclc$zJapanese record available for display
=880  00$6245-01$a国立西洋美術館展覧会総覧 :$b1960-2009 /$c国立西洋美術館編著.
=880  \\$6260-02$a京都 :$b淡交社,$c2009.
=880  07$6650-03$a美術展覧会.$2jlabsh/4
=880  14$6610-04$a国立西洋美術館.
=880  2\$6710-05$a国立西洋美術館.
=852  41$aBritish Library$bOC$jYP.2010.b.465
=CAT  \\$a2717$b40$c20100518$lBLL01$h1540
=CAT  \\$aBATCH-UPD$b40$c20100530$lBLL01$h1919
=CAT  \\$aWR12170$c20121116$lBLL01$h1703
=CAT  \\$aBATCH-UPD$b00$c20121116$lBLL01$h1822
=CAT  \\$aBATCH-UPD$b00$c20160721$lBLL01$h2126
=CAT  \\$aW2308-1659$c20230923$lBLL01$h1056
=SID  \\$aZ39$bOCLC
=STA  \\$aSUPPRESSED$bPreliminary Record
=LAS  \\$aW2308-1659$b00$c20230923$lBLL01$h1056

