=LDR  02541cam a2200613 a 4500
=001  015558981
=003  Uk
=005  20100520114051.0
=008  090511s2009\\\\ja\\\\\\\\\\\\000\0\jpn\d
=FMT  \\$a  BK
=020  \\$a9784861890949
=020  \\$a4861890942
=035  \\$a(OCoLC)320804482
=040  \\$aTRCLS$cTRCLS
=084  \\$a369.16$2njb/9
=245  00$6880-01$aIma motomerareru sōsharu wāku manejimento /$cCoulshed Veronica;Mullender Audrey;Jones David N.;Thompson Neil;Hoshino Haruhiko;Kōda Tatsuo;Yamanaka Yūgō;Chin Reitei.
=246  31$aManagement in social work
=260  \\$6880-02$aKyōto :$bKumi,$c2009.
=300  \\$a273 p. ;$c21 cm.
=336  \\$atext$2rdacontent
=337  \\$aunmediated$2rdamedia
=338  \\$avolume$2rdacarrier
=650  07$6880-03$aKēsuwāku.$2jlabsh/4
=700  1\$6880-04$aCoulshed, Veronica.
=700  1\$6880-05$aMullender, Audrey.
=700  1\$6880-06$aJones, David N.
=700  1\$6880-07$aThompson, Neil.
=700  1\$6880-08$aHoshino, Haruhiko.
=700  1\$6880-09$aKōda, Tatsuo.
=700  1\$6880-10$aYamanaka, Yūgō.
=700  1\$6880-11$aChen, Riitin.
=856  4\$uhttp://www.bk1.jp/trcno/09025790/?partnerid=oclc&siteid=oclc$zJapanese record available for display
=880  00$6245-01$a今求められるソーシャルワーク・マネジメント /$cベロニカ・クールシェッド;オードレイ・マレンダー;デヴィッド・ジョーンズ;ネイル・トンプソン著;星野晴彦;幸田達郎;山中裕剛;陳麗婷訳.
=880  \\$6260-02$a京都 :$b久美,$c2009.
=880  \\$6500-00$a文献:p264-273
=880  07$6650-03$aケース・ワーク.$2jlabsh/4
=880  1\$6700-04$aベロニカ・クールシェッド.
=880  1\$6700-05$aオードレイ・マレンダー.
=880  1\$6700-06$aデヴィッド・ジョーンズ.
=880  1\$6700-07$aネイル・トンプソン.
=880  1\$6700-08$a星野晴彦,$c障害者福祉
=880  1\$6700-09$a幸田達郎.
=880  1\$6700-10$a山中裕剛.
=880  1\$6700-11$a陳麗婷.
=852  41$aBritish Library$bOC$jYP.2010.a.3178
=CAT  \\$a2717$b40$c20100520$lBLL01$h1133
=CAT  \\$a2717$b40$c20100520$lBLL01$h1140
=CAT  \\$aWR12170$c20121116$lBLL01$h1703
=CAT  \\$aBATCH-UPD$b00$c20141222$lBLL01$h0311
=CAT  \\$aBATCH-UPD$b00$c20230504$lBLL01$h1708
=CAT  \\$aW2308-1659$c20230923$lBLL01$h1056
=SID  \\$aZ39$bOCLC
=STA  \\$aSUPPRESSED$bPreliminary Record
=LAS  \\$aW2308-1659$b00$c20230923$lBLL01$h1056

