=LDR  01557cam a2200337 a 4500
=001  015559396
=003  Uk
=005  20100520172158.0
=008  100312s2006\\\\ja\a\\\\\c\\\f000\0\jpn\\
=FMT  \\$a  BK
=010  \\$a2010383195
=040  \\$aDLC$cDLC
=066  \\$c{dollar}1
=245  00$6880-01$aŌsutoraria eigasai :$bNichi-Gō kōryūnen 2006 = Australian film festival : 2006 Australia-Japan year of exchange /$c[henshū Tōkyō Kokuritsu Kindai Bijutsukan Firumu Sentā].
=246  31$aAustralian film festival :$b2006 Australia-Japan year of exchange
=260  \\$6880-02$aTōkyō :$bKokuritsu Bijutsukan :$bKokuritsu Kindai Bijutsukan,$c2006.
=300  \\$a63 p. :$bill. (some col.) ;$c26 cm.
=336  \\$atext$2rdacontent
=337  \\$aunmediated$2rdamedia
=338  \\$avolume$2rdacarrier
=500  \\$aCover title.
=880  00$6245-01/{dollar}1$aオーストラリア映画祭 :$b日豪交流年 2006 = Australian film festival : 2006 Australia-Japan year of exchange /$c[編集東京国立近代美術館フィルムセンター].
=880  \\$6260-02/{dollar}1$a東京 :$b国立美術館 :$b東京国立近代美術館,$c2006.
=856  4\$uhttp://www.bk1.jp/trcno/09104454/?partnerid=oclc&siteid=oclc$zJapanese record available for display
=852  41$aBritish Library$bOC$jYP.2010.b.452
=CAT  \\$a2717$b40$c20100520$lBLL01$h1721
=CAT  \\$aWR12170$c20121116$lBLL01$h1703
=CAT  \\$aW2308-1659$c20230923$lBLL01$h1056
=SID  \\$aZ39$bLOC
=STA  \\$aSUPPRESSED$bPreliminary Record
=LAS  \\$aW2308-1659$b00$c20230923$lBLL01$h1056

