=LDR  02506cam a2200625 a 4500
=001  015559756
=003  Uk
=005  20100521155901.0
=008  091012s2009\\\\ja\ab\\\\b\\\\001\0\jpn\d
=FMT  \\$a  BK
=020  \\$a9784757605268
=020  \\$a4757605269
=035  \\$a(OCoLC)456522228
=040  \\$aTRCLS$cTRCLS$dYUS
=043  \\$aa-ja---
=050  \4$aPL693.O8$bO83 2009
=084  \\$a818.63$2njb/9
=245  00$6880-01$aŌsaka no kotoba chizu /$cSanada Shinji kanshū ; Kishie Shinsuke, Nakai Seiichi, Toritani Yoshifumi hencho.
=250  \\$6880-02$aShohan.
=260  \\$6880-03$aŌsaka-shi :$bIzumi Shoin,$c2009.
=300  \\$aviii, 284 p. :$bill., maps ;$c21 cm.
=336  \\$atext$2rdacontent
=337  \\$aunmediated$2rdamedia
=338  \\$avolume$2rdacarrier
=490  1\$6880-04$aKamigata bunko. Bekkan shirīzu ;$v2
=504  \\$aIncludes bibliographical references (p. 269) and index.
=650  \0$aJapanese language$xDialects$zJapan$zOsaka$vMaps.
=651  \0$aOsaka (Japan)$xLanguages$vMaps.
=650  07$6880-05$aNihongo-Hōgen-Ōsakafu.$2jlabsh/4
=700  1\$6880-06$aKishie, Shinsuke,$d1953-
=700  1\$6880-07$aNakai, Seiichi,$d1962-
=700  1\$6880-08$aToritani, Yoshifumi,$d1964-
=700  1\$6880-09$aSanada, Shinji,$d1946-
=830  \0$6880-10$aKamigata bunko.$pBekkan shirīzu$v2.
=856  4\$uhttp://www.bk1.jp/trcno/09052948/?partnerid=oclc&siteid=oclc$zJapanese record available for display
=880  00$6245-01$a大阪のことば地図 /$c真田信治監修 ; 岸江信介, 中井精一, 鳥谷善史編著.
=880  \\$6250-02$a初版.
=880  \\$6260-03$a大阪市 :$b和泉書院,$c2009.
=880  1\$6490-04$a上方文庫. 別卷シリーズ ;$v2
=880  07$6650-05$a日本語-方言-大阪府.$2jlabsh/4
=880  1\$6700-06$a岸江信介,$d1953-
=880  1\$6700-07$a中井精一,$d1962-
=880  1\$6700-08$a鳥谷善史,$d1964-
=880  1\$6700-09$a真田信治,$d1946-
=880  \0$6830-10$a上方文庫.$p別卷シリーズ ;$v2.
=852  41$aBritish Library$bOC$jYP.2010.a.4008
=CAT  \\$a2717$b40$c20100521$lBLL01$h1559
=CAT  \\$aBATCH-UPD$b40$c20100521$lBLL01$h1559
=CAT  \\$aBATCH-UPD$b40$c20100527$lBLL01$h2019
=CAT  \\$aWR12170$c20121116$lBLL01$h1703
=CAT  \\$aBATCH-UPD$b00$c20150912$lBLL01$h1758
=CAT  \\$aW2308-1659$c20230923$lBLL01$h1056
=SID  \\$aZ39$bOCLC
=STA  \\$aSUPPRESSED$bPreliminary Record
=LAS  \\$aW2308-1659$b00$c20230923$lBLL01$h1056

