=LDR  02391cam a2200613 a 4500
=001  015561297
=003  Uk
=005  20100525120526.0
=008  100405s2009\\\\ja\a\\\\\b\\\\001\0\jpn\c
=FMT  \\$a  BK
=010  \\$a2010400529
=020  \\$a9784757605350
=020  \\$a4757605358
=035  \\$a(OCoLC)501752131
=040  \\$aJaToTRC$cTRCLS$dDLC$dZCU
=042  \\$apcc
=043  \\$aa-ja---
=050  00$aPL747.125.L52$bK38 2009
=084  \\$a910.2$2njb/9
=100  1\$6880-01$aKatsumata, Takashi,$d1952-
=245  10$6880-02$aIkyō hōmontan, raihōtan no kenkyū.$pJōdai Nihon bungaku hen /$cKatsumata Takashi cho.
=250  \\$6880-03$aShohan.
=260  \\$6880-04$aŌsaka-shi :$bIzumi Shoin,$c2009.
=300  \\$axiii, 563 p. :$bill. (some col.) ;$c22 cm.
=336  \\$atext$2rdacontent
=337  \\$aunmediated$2rdamedia
=338  \\$avolume$2rdacarrier
=490  1\$6880-05$aKenkyū sōsho ;$v398
=500  \\$aBased on the author's thesis (doctoral)--Kyōto Daigaku.
=504  \\$aIncludes bibliographical references and index.
=650  \0$aJapanese fiction$yTo 1600$xHistory and criticism.
=650  \0$aFuture life in literature.
=650  \7$6880-06$aNihon bungaku-Rekishi.$2jlabsh/4
=650  \7$6880-07$aNihon bungaku-Rekishi-Kodai.$2jlabsh/4
=830  \0$6880-08$aKenkyū sōsho (Izumi Shoin)$v398.
=856  4\$uhttp://www.bk1.jp/trcno/10004121/?partnerid=oclc&siteid=oclc$zJapanese record available for display
=880  1\$6100-01$a勝俣隆,$d1952-
=880  10$6245-02$a異鄉訪問譚・来訪譚の研究.$p上代日本文学編 /$c勝俣隆著.
=880  \\$6250-03$a初版.
=880  \\$6260-04$a大阪市 :$b和泉書院,$c2009.
=880  1\$6490-05$a研究叢書 ;$v398
=880  04$6650-06$a日本文学-歴史.$2jlabsh/4
=880  04$6650-07$a日本文学-歴史-古代.$2jlabsh/4
=880  \0$6830-08$a研究叢書 (Izumi Shoin) ;$v398.
=852  41$aBritish Library$bOC$jYP.2010.a.3545
=CAT  \\$a2717$b40$c20100525$lBLL01$h1205
=CAT  \\$aBATCH-UPD$b40$c20100525$lBLL01$h1206
=CAT  \\$aWR12170$c20121116$lBLL01$h1703
=CAT  \\$aBATCH-UPD$b00$c20121220$lBLL01$h2118
=CAT  \\$aBATCH-UPD$b00$c20150225$lBLL01$h2027
=CAT  \\$aW2308-1659$c20230923$lBLL01$h1056
=SID  \\$aZ39$bOCLC
=STA  \\$aSUPPRESSED$bPreliminary Record
=LAS  \\$aW2308-1659$b00$c20230923$lBLL01$h1056

