=LDR  02723cam a2200601 a 4500
=001  015588430
=003  Uk
=005  20100629161528.0
=008  100405s2010\\\\ja\\\\\\\b\\\\000\0\jpn\d
=FMT  \\$a  BK
=020  \\$a9784641130791
=020  \\$a4641130795
=035  \\$a(OCoLC)601002714
=040  \\$aTRCLS$cTRCLS$dCGU$dHVL$dONA
=043  \\$ae-uk-en$au-at---$an-us---
=084  \\$a070.15$2njb/9
=100  1\$aMiddleton, John Gregory,$d1964-
=245  10$6880-01$aHōdō higaisha no hōteki rinriteki kyūsairon :$bgohō kyohō e no Igirisu Ōsutoraria no taiō o chūshin to shite /$cJon Midoruton cho.
=246  1\$iColophon title in English:$aLegal and extra-legal remedies for harm caused by media reporting, focusing on the British and Australian approaches to the problem of false reporting
=250  \\$6880-02$aShohan.
=260  \\$6880-03$aTōkyō :$bYūhikaku,$c2010.
=300  \\$avii, 330 p. ;$c22 cm.
=336  \\$atext$2rdacontent
=337  \\$aunmediated$2rdamedia
=338  \\$avolume$2rdacarrier
=490  1\$6880-04$aHitotsubashi Daigaku Daigakuin Hōgaku Kenkyūka sōsho
=504  \\$aIncludes bibliographical references (p. 293-327).
=650  \0$aMass media$xLaw and legislation$zEngland.
=650  \0$aMass media$xLaw and legislation$zUnited States.
=650  \0$aMass media$xLaw and legislation$zAustralia.
=650  \0$aJournalistic ethics$zEngland.
=650  \0$aJournalistic ethics$zUnited States.
=650  \0$aJournalistic ethics$zAustralia.
=650  \0$aPrivacy, Right of$zEngland.
=650  \0$aPrivacy, Right of$zUnited States.
=650  \0$aPrivacy, Right of$zAustralia.
=650  07$6880-05$aHōdō higai.$2jlabsh/4
=830  \0$6880-06$aHitotsubashi Daigaku Daigakuin Hōgaku Kenkyūka sōsho.
=856  4\$uhttp://www.bk1.jp/trcno/10017680/?partnerid=oclc&siteid=oclc$zJapanese record available for display
=880  10$6245-01$a報道被害者の法的・倫理的救済論 :$b誤報・虛報へのイギリス・オーストラリアの対応を中心として /$cジョン・ミドルトン著.
=880  \\$6250-02$a初版.
=880  \\$6260-03$a東京 :$b有斐閣,$c2010.
=880  1\$6490-04$a一橋大学大学院法学研究科叢書
=880  07$6650-05$a報道被害.$2jlabsh/4
=880  \0$6830-06$a一橋大学大学院法学研究科叢書.
=852  41$aBritish Library$bOC$jYP.2010.a.3746
=CAT  \\$a2717$b40$c20100629$lBLL01$h1615
=CAT  \\$aWR12170$c20121116$lBLL01$h1703
=CAT  \\$aBATCH-UPD$b00$c20151104$lBLL01$h1927
=CAT  \\$aW2308-1659$c20230923$lBLL01$h1057
=SID  \\$aZ39$bOCLC
=STA  \\$aSUPPRESSED$bPreliminary Record
=LAS  \\$aW2308-1659$b00$c20230923$lBLL01$h1057

