=LDR  01612cam a2200433 a 4500
=001  015588449
=003  Uk
=005  20180629111441.0
=008  090511s2009\\\\ja\\\\\\\\\\\\000\0\jpn\d
=FMT  \\$a  BK
=020  \\$a9784779503566
=020  \\$a4779503566
=035  \\$a(OCoLC)320802946
=040  \\$aTRCLS$cTRCLS
=084  \\$a331.6$2njb/9
=100  1\$6880-01$aNakano, Yoshihiko.
=245  10$6880-02$aMarukusu no kabushiki gaisharon to mirai shakai /$cNakano Yoshihiko.
=260  \\$6880-03$aKyōto :$bNakanishiyashuppan,$c2009.
=300  \\$a325 p. ;$c22 cm.
=336  \\$atext$2rdacontent
=337  \\$aunmediated$2rdamedia
=338  \\$avolume$2rdacarrier
=600  10$aMarx, Karl,$d1818-1883.
=650  07$6880-05$aKabushiki gaisha.$2jlabsh/4
=856  4\$uhttp://www.bk1.jp/trcno/09025606/?partnerid=oclc&siteid=oclc$zJapanese record available for display
=880  1\$6100-01$a中野嘉彦.
=880  10$6245-02$aマルクスの株式会社論と未来社会 /$c中野嘉彦著.
=880  \\$6260-03$a京都 :$bナカニシヤ出版,$c2009.
=880  \\$6500-00$a欧文タイトル:Marxian View on Joint-Stock Company:Its Future Perspective
=880  \\$6500-00$a文献:p311-318
=880  07$6650-05$a株式会社.$2jlabsh/4
=852  41$aBritish Library$bOC$jYP.2010.a.3737
=CAT  \\$a2717$b40$c20100629$lBLL01$h1631
=CAT  \\$aWR12170$c20121116$lBLL01$h1703
=CAT  \\$a8964$b40$c20180629$lBLL01$h1114
=CAT  \\$aW2308-1659$c20230923$lBLL01$h1057
=SID  \\$aZ39$bOCLC
=STA  \\$aSUPPRESSED$bPreliminary Record
=LAS  \\$aW2308-1659$b00$c20230923$lBLL01$h1057

