=LDR  01659cam a22004458a 4500
=001  015598122
=003  Uk
=005  20100709152937.0
=008  100111s2009\\\\ja\\\\\\\\\\\\000\0\jpn\d
=FMT  \\$a  BK
=020  \\$a9784000282970
=020  \\$a4000282972
=035  \\$a(OCoLC)496789089
=040  \\$aTRCLS$cTRCLS$dOCLCQ
=084  \\$a167.3$2njb/9
=100  1\$6880-01$aKosugi, Yasushi.
=245  10$6880-02$aKuruān :$bkatarikakeru isurāmu /$cKosugi Yasushi.
=260  \\$6880-03$aTōkyō :$bIwanami Shoten,$c2009.
=300  \\$a261, 3 p. ;$c20 cm.
=336  \\$atext$2rdacontent
=337  \\$aunmediated$2rdamedia
=338  \\$avolume$2rdacarrier
=490  1\$6880-04$aShomotsu tanjō atarashii koten nyūmon
=650  07$6880-05$aKōran.$2jlabsh/4
=830  \0$6880-06$aShomotsu tanjō atarashii koten nyūmon.
=856  4\$uhttp://www.bk1.jp/trcno/10002232/?partnerid=oclc&siteid=oclc$zJapanese record available for display
=880  1\$6100-01$a小杉泰.
=880  10$6245-02$aクルアーン :$b語りかけるイスラーム /$c小杉泰著.
=880  \\$6260-03$a東京 :$b岩波書店,$c2009.
=880  1\$6490-04$a書物誕生-あたらしい古典入門-
=880  \\$6500-00$a文献:p253-261
=880  07$6650-05$aコーラン.$2jlabsh/4
=880  \\$6830-06$a書物誕生-あたらしい古典入門-.
=852  41$aBritish Library$bOC$jYP.2010.a.4473
=CAT  \\$a2717$b40$c20100709$lBLL01$h1529
=CAT  \\$aWR12170$c20121116$lBLL01$h1703
=CAT  \\$aW2308-1659$c20230923$lBLL01$h1058
=SID  \\$aZ39$bOCLC
=STA  \\$aSUPPRESSED$bPreliminary Record
=LAS  \\$aW2308-1659$b00$c20230923$lBLL01$h1058

