=LDR  01726cam a2200469 a 4500
=001  015605027
=003  Uk
=005  20100720133112.0
=008  100628s2010\\\\ja\\\\\\\\\\\\000\0\jpn\d
=FMT  \\$a  BK
=020  \\$a9784004312567
=020  \\$a4004312566
=035  \\$a(OCoLC)644533021
=040  \\$aTRCLS$cTRCLS
=084  \\$a210.3$2njb/9
=245  00$6880-01$aMokkan kara kodai ga mieru /$cMokkan gakkai.
=260  \\$6880-02$aTōkyō :$bIwanamishoten,$c2010.
=300  \\$a214, 6 p. ;$c18 cm.
=336  \\$atext$2rdacontent
=337  \\$aunmediated$2rdamedia
=338  \\$avolume$2rdacarrier
=490  1\$6880-03$aIwanami shinsho shin'akaban ;$v1256
=650  07$6880-04$aMokkan chikukan.$2jlabsh/4
=650  07$6880-05$aNihon-Rekishi-Kodai.$2jlabsh/4
=710  2\$6880-06$aMokkan Gakkai.
=830  \0$6880-97$aIwanami shinsho shin'akaban ;$v1256.
=856  4\$uhttp://www.bk1.jp/trcno/10034866/?partnerid=oclc&siteid=oclc$zJapanese record available for display
=880  00$6245-01$a木簡から古代がみえる /$c木簡学会編.
=880  \\$6260-02$a東京 :$b岩波書店,$c2010.
=880  1\$6490-03$a岩波新書新赤版 ;$v1256
=880  07$6650-04$a木簡・竹簡.$2jlabsh/4
=880  07$6650-05$a日本-歴史-古代.$2jlabsh/4
=880  2\$6710-06$a木簡学会.
=880  \\$6830-97$a岩波新書新赤版 ;$v1256.
=852  41$aBritish Library$bOC$jYP.2010.a.4475
=CAT  \\$a2717$b40$c20100720$lBLL01$h1331
=CAT  \\$aWR12170$c20121116$lBLL01$h1703
=CAT  \\$aBATCH-UPD$b00$c20230504$lBLL01$h1708
=CAT  \\$aW2308-1659$c20230923$lBLL01$h1058
=SID  \\$aZ39$bOCLC
=STA  \\$aSUPPRESSED$bPreliminary Record
=LAS  \\$aW2308-1659$b00$c20230923$lBLL01$h1058

