=LDR  01932cam a2200541 a 4500
=001  015605252
=003  Uk
=005  20100720155702.0
=008  100125s2010\\\\ja\a\\\\\\\\\\001\0\jpn\\
=FMT  \\$a  BK
=010  \\$a2010381672
=020  \\$a9784062880343
=020  \\$a4062880342
=035  \\$a(OCoLC)ocn501751929
=040  \\$aJaToTRC$cJaToTRC$dDLC
=043  \\$aa-ja---
=050  00$aHQ18.J3$bS438 2010
=066  \\$c{dollar}1
=245  00$6880-01$aSeiteki na kotoba /$cInoue Shōichi ... [et al.] hen.
=260  \\$6880-02$aTōkyō :$bKōdansha,$c2010.
=300  \\$a446 p. :$bill. ;$c18 cm.
=336  \\$atext$2rdacontent
=337  \\$aunmediated$2rdamedia
=338  \\$avolume$2rdacarrier
=490  0\$6880-03$aKōdansha gendai shinsho ;$v2034
=650  \0$aSex customs$zJapan$xHistory.
=650  \0$aLanguage and culture$zJapan.
=650  \0$aJapanese language$y20th century$vTerms and phrases.
=650  07$6880-04$aSeifūzoku.$2jlabsh/4
=650  07$6880-05$aSei.$2jlabsh/4
=650  07$6880-06$aNihongo.$2jlabsh/4
=700  1\$6880-07$aInoue, Shōichi,$d1955-
=880  00$6245-01/{dollar}1$a性的なことば /$c井上章一 ... [et al.] 編.
=880  \\$6260-02/{dollar}1$a東京 :$b講談社,$c2010.
=880  0\$6490-03/{dollar}1$a講談社現代新書 ;$v2034
=880  04$6650-04/{dollar}1$a性風俗.$2jlabsh/4
=880  04$6650-05/{dollar}1$a性.$2jlabsh/4
=880  04$6650-06/{dollar}1$a日本語.$2jlabsh/4
=880  1\$6700-07/{dollar}1$a井上章一,$d1955-
=856  4\$uhttp://www.bk1.jp/trcno/10004082/?partnerid=oclc&siteid=oclc$zJapanese record available for display
=852  41$aBritish Library$bOC$jYP.2010.a.4350
=985  \\$aJPTC load$d2010-05-12
=CAT  \\$a2717$b40$c20100720$lBLL01$h1557
=CAT  \\$aWR12170$c20121116$lBLL01$h1703
=CAT  \\$aW2308-1659$c20230923$lBLL01$h1058
=SID  \\$aZ39$bLOC
=STA  \\$aSUPPRESSED$bPreliminary Record
=LAS  \\$aW2308-1659$b00$c20230923$lBLL01$h1058

