=LDR  01424cam a2200397 a 4500
=001  015605256
=003  Uk
=005  20121024085957.0
=008  100329s2010\\\\ja\\\\\\\\\\\\000\0\jpn\d
=FMT  \\$a  BK
=020  \\$a9784490206883
=020  \\$a4490206887
=035  \\$a(OCoLC)587091464
=040  \\$aTRCLS$cTRCLS
=084  \\$a021.2$2njb/9
=245  00$6880-01$aKomonzu to bunka :$bbunka wa dare no mono ka /$cYamada Shōji.
=260  \\$6880-02$aTōkyō :$bTōkyōdōshuppan,$c2010.
=300  \\$a379 p. ;$c21 cm.
=336  \\$atext$2rdacontent
=337  \\$aunmediated$2rdamedia
=338  \\$avolume$2rdacarrier
=650  07$6880-03$aChosakuken.$2jlabsh/4
=700  1\$6880-04$aYamada, Shōji,$d1963-
=856  4\$uhttp://www.bk1.jp/trcno/10016367/?partnerid=oclc&siteid=oclc$zJapanese record available for display
=880  00$6245-01$aコモンズと文化 :$b文化は誰のものか /$c山田奨治編.
=880  \\$6260-02$a東京 :$b東京堂出版,$c2010.
=880  07$6650-03$a著作権.$2jlabsh/4
=880  1\$6700-04$a山田奨治.
=852  41$aBritish Library$bOC$jYP.2010.a.4424
=CAT  \\$a2717$b40$c20100720$lBLL01$h1559
=CAT  \\$a10743$b40$c20121024$lBLL01$h0859
=CAT  \\$aWR12170$c20121116$lBLL01$h1703
=CAT  \\$aW2308-1659$c20230923$lBLL01$h1058
=SID  \\$aZ39$bOCLC
=STA  \\$aSUPPRESSED$bPreliminary Record
=LAS  \\$aW2308-1659$b00$c20230923$lBLL01$h1058

