=LDR  01642 am a2200469 a 4500
=001  015607985
=003  Uk
=005  20100721150626.0
=008  100705s2010\\\\ja\\\\\\\\\\\\000\0\jpn\d
=020  \\$a9784000236942
=020  \\$a4000236946
=035  \\$a(OCoLC)646010949
=040  \\$aUk$beng$cUk
=042  \\$aukblsr
=084  \\$a778.21$2njb/9
=100  1\$6880-01$aAn, Ni.
=245  10$6880-02$aSenji nitchū eiga kōshōshi /$cAn Ni.
=260  \\$6880-03$aTōkyō :$bIwanamishoten,$c2010.
=300  \\$a294, 18 p. ;$c22 cm.
=336  \\$atext$2rdacontent
=337  \\$aunmediated$2rdamedia
=338  \\$avolume$2rdacarrier
=650  07$6880-04$aEiga-Nihon.$2jlabsh/4
=650  07$6880-05$aEiga-Chūgoku.$2jlabsh/4
=650  07$6880-06$aNitchū sensō.$2jlabsh/4
=852  41$aBritish Library$bOC$jYP.2010.a.6115
=856  4\$uhttp://www.bk1.jp/trcno/10035974/?partnerid=oclc&siteid=oclc$zJapanese record available for display
=880  1\$6100-01$a晏〓ニ〓.
=880  10$6245-02$a戦時日中映画交涉史 /$c晏〓ニ〓著.
=880  \\$6260-03$a東京 :$b岩波書店,$c2010.
=880  \\$6500-00$a文献:卷末p5-11
=880  07$6650-04$a映画-日本.$2jlabsh/4
=880  07$6650-05$a映画-中国.$2jlabsh/4
=880  07$6650-06$a日中戦争(1937-1945).$2jlabsh/4
=CAT  \\$a11693$b40$c20100721$lBLL01$h1501
=CAT  \\$a11693$b40$c20100721$lBLL01$h1506
=CAT  \\$aWR12170$c20121116$lBLL01$h1703
=CAT  \\$aBATCH-UPD$b00$c20200602$lBLL01$h2021
=FMT  \\$a  BK
=LAS  \\$aBATCH-UPD$b00$c20200602$lBLL01$h2021
=SID  \\$aZ39$bOCLC
=STA  \\$aSUPPRESSED$bPreliminary Record

