=LDR  01393 am a2200385 a 4500
=001  015608016
=003  Uk
=005  20100721152551.0
=008  100621s2010\\\\ja\\\\\\\\\\\\000\0\jpn\d
=020  \\$a9784766417258
=020  \\$a4766417259
=035  \\$a(OCoLC)642815332
=040  \\$aUk$beng$cUk
=042  \\$aukblsr
=084  \\$a319.8$2njb/9
=100  1\$6880-01$aOkuda, Hiroko.
=245  10$6880-02$aGenbaku no kioku :$bhiroshima nagasaki no shisō /$cOkuda Hiroko.
=260  \\$6880-03$aTōkyō :$bKeiōgijukudaigakushuppankai,$c2010.
=300  \\$a471, 6 p. 12 p. ;$c20 cm.
=336  \\$atext$2rdacontent
=337  \\$aunmediated$2rdamedia
=338  \\$avolume$2rdacarrier
=650  07$6880-04$aGenshi bakudan-Higai.$2jlabsh/4
=852  41$aBritish Library$bOC$jYP.2010.a.6079
=856  4\$uhttp://www.bk1.jp/trcno/10032993/?partnerid=oclc&siteid=oclc$zJapanese record available for display
=880  1\$6100-01$a奥田博子.
=880  10$6245-02$a原爆の記憶 :$bヒロシマ/ナガサキの思想 /$c奥田博子著.
=880  \\$6260-03$a東京 :$b慶応義塾大学出版会,$c2010.
=880  07$6650-04$a原子爆弾-被害.$2jlabsh/4
=CAT  \\$a11693$b40$c20100721$lBLL01$h1525
=CAT  \\$aWR12170$c20121116$lBLL01$h1703
=FMT  \\$a  BK
=LAS  \\$aWR12170$b00$c20121116$lBLL01$h1703
=SID  \\$aZ39$bOCLC
=STA  \\$aSUPPRESSED$bPreliminary Record

