=LDR  01531 am a2200409 a 4500
=001  015608063
=003  Uk
=005  20100721160440.0
=008  100531s2010\\\\ja\\\\\\\\\\\\000\0\jpn\d
=020  \\$a9784750332062
=020  \\$a4750332062
=035  \\$a(OCoLC)635384221
=040  \\$aUk$beng$cUk
=042  \\$aukblsr
=084  \\$a210.49$2njb/9
=100  1\$6880-01$aNukii, Masayuki.
=245  10$6880-02$aToyotomi tokugawa jidai to chōsen :$bsensō soshite tsūshin no jidai e /$cNukii Masayuki.
=260  \\$6880-03$aTōkyō :$bAkashishoten,$c2010.
=300  \\$a446 p. ;$c20 cm.
=336  \\$atext$2rdacontent
=337  \\$aunmediated$2rdamedia
=338  \\$avolume$2rdacarrier
=650  07$6880-04$aBunroku keichō no eki.$2jlabsh/4
=650  07$6880-05$aChōsen tsūshinshi.$2jlabsh/4
=852  41$aBritish Library$bOC$jYP.2010.a.5622
=856  4\$uhttp://www.bk1.jp/trcno/10029911/?partnerid=oclc&siteid=oclc$zJapanese record available for display
=880  1\$6100-01$a貫井正之.
=880  10$6245-02$a豊臣・徳川時代と朝鮮 :$b戦争そして通信の時代へ /$c貫井正之著.
=880  \\$6260-03$a東京 :$b明石書店,$c2010.
=880  07$6650-04$a文禄・慶長の役(1592-1593,1597-1598).$2jlabsh/4
=880  07$6650-05$a朝鮮通信使.$2jlabsh/4
=CAT  \\$a11693$b40$c20100721$lBLL01$h1604
=CAT  \\$aWR12170$c20121116$lBLL01$h1703
=FMT  \\$a  BK
=LAS  \\$aWR12170$b00$c20121116$lBLL01$h1703
=SID  \\$aZ39$bOCLC
=STA  \\$aSUPPRESSED$bPreliminary Record

