=LDR  01412cam a2200397 a 4500
=001  015608073
=003  Uk
=005  20100721161042.0
=008  100705s2010\\\\ja\\\\\\\\\\\\000\0\jpn\d
=FMT  \\$a  BK
=020  \\$a9784621082546
=020  \\$a462108254X
=035  \\$a(OCoLC)646009713
=040  \\$aUk$beng$cUk
=042  \\$aukblsr
=084  \\$a361.036$2njb/9
=245  00$6880-01$aShakaigaku jiten /$cNihon shakai gakkai shakaigaku jiten kankō iinkai.
=260  \\$6880-02$aTōkyō :$bMaruzen,$c2010.
=300  \\$a26, 945 p. ;$c22 cm.
=336  \\$atext$2rdacontent
=337  \\$aunmediated$2rdamedia
=338  \\$avolume$2rdacarrier
=650  07$6880-03$aShakaigaku-Benran.$2jlabsh/4
=710  2\$6880-04$aNihon Shakai Gakkai.
=856  4\$uhttp://www.bk1.jp/trcno/10035789/?partnerid=oclc&siteid=oclc$zJapanese record available for display
=880  00$6245-01$a社会学事典 /$c日本社会学会社会学事典刊行委員会編.
=880  \\$6260-02$a東京 :$b丸善,$c2010.
=880  07$6650-03$a社会学-便覧.$2jlabsh/4
=880  2\$6710-04$a日本社会学会.
=852  41$aBritish Library$bOC$jYP.2010.a.6371
=CAT  \\$a11693$b40$c20100721$lBLL01$h1610
=CAT  \\$aWR12170$c20121116$lBLL01$h1703
=CAT  \\$aBATCH-UPD$b00$c20230504$lBLL01$h1708
=SID  \\$aZ39$bOCLC
=STA  \\$aSUPPRESSED$bPreliminary Record
=LAS  \\$aBATCH-UPD$b00$c20230504$lBLL01$h1708

