=LDR  01658 am a2200469 a 4500
=001  015608085
=003  Uk
=005  20100721162348.0
=008  100531s2010\\\\ja\\\\\\\\\\\\000\0\jpn\d
=020  \\$a9784877372910
=020  \\$a4877372911
=035  \\$a(OCoLC)635381033
=040  \\$aUk$beng$cUk
=042  \\$aukblsr
=084  \\$a913.56$2njb/9
=100  1\$6880-01$aŌtaka, Yōji.
=245  10$6880-02$aKyōden to bakin :$bhaishimono yomihon yōshiki no keisei /$cŌtaka Yōji.
=260  \\$6880-03$aTōkyō :$bKanrinshobō,$c2010.
=300  \\$a366 p. ;$c22 cm.
=336  \\$atext$2rdacontent
=337  \\$aunmediated$2rdamedia
=338  \\$avolume$2rdacarrier
=600  14$6880-04$aSantō, Kyōden.
=600  14$6880-05$aTakizawa, Bakin,$d1767-1848
=650  07$6880-06$aYomihon.$2jlabsh/4
=852  41$aBritish Library$bOC$jYP.2010.a.6083
=856  4\$uhttp://www.bk1.jp/trcno/10029149/?partnerid=oclc&siteid=oclc$zJapanese record available for display
=880  1\$6100-01$a大高洋司.
=880  10$6245-02$a京伝と馬琴 :$b<稗史もの>読本様式の形成 /$c大高洋司著.
=880  \\$6260-03$a東京 :$b翰林書房,$c2010.
=880  \\$6500-00$a文献:p341-348
=880  14$6600-04$a山東京伝.
=880  14$6600-05$a滝沢馬琴.
=880  07$6650-06$a読本.$2jlabsh/4
=CAT  \\$a11693$b40$c20100721$lBLL01$h1623
=CAT  \\$aWR12170$c20121116$lBLL01$h1703
=CAT  \\$a11837$b40$c20151116$lBLL01$h1540
=CAT  \\$aBATCH-UPD$b40$c20151116$lBLL01$h1540
=FMT  \\$a  BK
=LAS  \\$aBATCH-UPD$b40$c20151116$lBLL01$h1540
=SID  \\$aZ39$bOCLC
=STA  \\$aSUPPRESSED$bPreliminary Record

