=LDR  01948cam a2200565 a 4500
=001  015608086
=003  Uk
=005  20100721162546.0
=008  090824s2009\\\\ja\abj\\\b\\\\001\0cjpn\c
=FMT  \\$a  BK
=010  \\$a2010381466
=020  \\$a9784490107647
=020  \\$a4490107641
=035  \\$a(OCoLC)433522752
=040  \\$aUk$beng$cUk
=042  \\$aukblsr
=042  \\$apcc
=043  \\$aa-ja---
=050  00$aDS834.5.T6$bK83 2009
=082  04$a952/.0250922$222
=084  \\$a288.3$2njb/9
=100  1\$6880-01$aKudō, Hiromasa,$d1941-
=245  10$6880-02$aTokugawa, Matsudaira ichizoku no jiten /$cKudō Hiromasa hen.
=250  \\$6880-03$aShohan.
=260  \\$6880-04$aTōkyō :$bTōkyōdō Shuppan,$c2009.
=300  \\$a722 p. :$bill., maps, geneal. tables ;$c23 cm.
=336  \\$atext$2rdacontent
=337  \\$aunmediated$2rdamedia
=338  \\$avolume$2rdacarrier
=504  \\$aIncludes bibliographical references (p. 714) and index.
=600  30$aTokugawa family.
=600  30$aMatsudaira family.
=650  \0$aShoguns$vBiography.
=650  \7$6880-05$aTokugawa ke.$2jlabsh/4
=650  \7$6880-06$aMatsudaira ke.$2jlabsh/4
=856  4\$uhttp://www.bk1.jp/trcno/09044924/?partnerid=oclc&siteid=oclc$zJapanese record available for display
=880  1\$6100-01$a工藤寬正,$d1941-
=880  10$6245-02$a徳川・松平一族の事典 /$c工藤寬正編.
=880  \\$6250-03$a初版.
=880  \\$6260-04$a東京 :$b東京堂出版,$c2009.
=880  04$6650-05$a徳川家.$2jlabsh/4
=880  04$6650-06$a松平家.$2jlabsh/4
=852  41$aBritish Library$bOC$jYP.2010.a.6084
=CAT  \\$a11693$b40$c20100721$lBLL01$h1625
=CAT  \\$aBATCH-UPD$b40$c20100721$lBLL01$h2201
=CAT  \\$aWR12170$c20121116$lBLL01$h1703
=CAT  \\$aBATCH-UPD$b00$c20230504$lBLL01$h1708
=SID  \\$aZ39$bOCLC
=STA  \\$aSUPPRESSED$bPreliminary Record
=LAS  \\$aBATCH-UPD$b00$c20230504$lBLL01$h1708

