=LDR  01523cam a2200433 a 4500
=001  015608089
=003  Uk
=005  20100721162715.0
=008  100426s2010\\\\ja\\\\\\\\\\\\000\0\jpn\d
=FMT  \\$a  BK
=020  \\$a9784490107791
=020  \\$a449010779X
=035  \\$a(OCoLC)609540699
=040  \\$aUk$beng$cUk
=042  \\$aukblsr
=084  \\$a911.36$2njb/9
=245  00$6880-01$aGendai haiku no kanshō jiten /$cUda Kiyoko;Kuroda Momoko.
=260  \\$6880-02$aTōkyō :$bTōkyōdōshuppan,$c2010.
=300  \\$a324 p. ;$c22 cm.
=336  \\$atext$2rdacontent
=337  \\$aunmediated$2rdamedia
=338  \\$avolume$2rdacarrier
=650  07$6880-03$aHaiku-Hyōshaku.$2jlabsh/4
=700  1\$6880-04$aUda, Kiyoko.
=700  1\$6880-05$aKuroda, Momoko.
=856  4\$uhttp://www.bk1.jp/trcno/10024361/?partnerid=oclc&siteid=oclc$zJapanese record available for display
=880  00$6245-01$a現代俳句の鑑賞事典 /$c宇多喜代子;黒田杏子監修.
=880  \\$6260-02$a東京 :$b東京堂出版,$c2010.
=880  07$6650-03$a俳句-評釈.$2jlabsh/4
=880  1\$6700-04$a宇多喜代子.
=880  1\$6700-05$a黒田杏子.
=852  41$aBritish Library$bOC$jYP.2010.a.5728
=CAT  \\$a11693$b40$c20100721$lBLL01$h1626
=CAT  \\$a11693$b40$c20100721$lBLL01$h1627
=CAT  \\$aWR12170$c20121116$lBLL01$h1703
=CAT  \\$aBATCH-UPD$b00$c20230504$lBLL01$h1708
=SID  \\$aZ39$bOCLC
=STA  \\$aSUPPRESSED$bPreliminary Record
=LAS  \\$aBATCH-UPD$b00$c20230504$lBLL01$h1708

