=LDR  01736cam a2200517 a 4500
=001  015608090
=003  Uk
=005  20100721162838.0
=008  091007s2009\\\\ja\a\\\\\e\\\\001\0\jpn\\
=FMT  \\$a  BK
=010  \\$a2009513832
=020  \\$a9784896949360
=020  \\$a4896949366
=035  \\$a(OCoLC)419666601
=040  \\$aUk$beng$cUk
=042  \\$aukblsr
=043  \\$aa-ja---
=050  00$aGV1204.77$b.N295 2009
=082  04$a794.0952$222
=084  \\$a384.55$2njb/9
=100  1\$6880-01$aNakada, Kōhei,$d1926-
=245  10$6880-02$aEdo no kodomo asobi jiten /$cNakada Kōhei.
=250  \\$6880-03$aShohan.
=260  \\$6880-04$aTōkyō :$bYasaka Shobō,$c2009.
=300  \\$a422 p. :$bill. ;$c21 cm.
=336  \\$atext$2rdacontent
=337  \\$aunmediated$2rdamedia
=338  \\$avolume$2rdacarrier
=500  \\$aIncludes index.
=650  \0$aAmusements$zJapan$xHistory$vEncyclopedias.
=650  \0$aGames$zJapan$xHistory$vEncyclopedias.
=650  07$6880-05$aYūgi.$2jlabsh/4
=856  4\$uhttp://www.bk1.jp/trcno/09035022/?partnerid=oclc&siteid=oclc$zJapanese record available for display
=880  1\$6100-01$a中田幸平,$d1926-
=880  10$6245-02$a江戶の子供遊び事典 /$c中田幸平.
=880  \\$6250-03$a初版.
=880  \\$6260-04$a東京 :$b八坂書房,$c2009.
=880  07$6650-05$a遊戯.$2jlabsh/4
=852  41$aBritish Library$bOC$jYP.2010.a.5637
=CAT  \\$a11693$b40$c20100721$lBLL01$h1628
=CAT  \\$aBATCH-UPD$b40$c20100721$lBLL01$h2201
=CAT  \\$aWR12170$c20121116$lBLL01$h1703
=CAT  \\$aBATCH-UPD$b00$c20230504$lBLL01$h1708
=SID  \\$aZ39$bOCLC
=STA  \\$aSUPPRESSED$bPreliminary Record
=LAS  \\$aBATCH-UPD$b00$c20230504$lBLL01$h1708

