=LDR  01580 am a2200421 a 4500
=001  015608092
=003  Uk
=005  20100721162932.0
=008  100517s2010\\\\ja\\\\\\\\\\\\000\0\jpn\d
=020  \\$a9784887139855
=020  \\$a4887139853
=035  \\$a(OCoLC)618413869
=040  \\$aUk$beng$cUk
=042  \\$aukblsr
=084  \\$a377.6$2njb/9
=100  1\$6880-01$aSatō, Yuriko.
=245  10$6880-02$aNihon no ryūgakusei seisaku no hyōka :$bjinzai yōsei yūkō sokushin keizai kōka no shiten kara /$cSatō Yuriko.
=260  \\$6880-03$aTōkyō :$bTōshindō,$c2010.
=300  \\$a238 p. ;$c22 cm.
=336  \\$atext$2rdacontent
=337  \\$aunmediated$2rdamedia
=338  \\$avolume$2rdacarrier
=650  07$6880-04$aRyūgaku.$2jlabsh/4
=650  07$6880-05$aNihon-Taigai kankei.$2jlabsh/4
=852  41$aBritish Library$bOC$jYP.2010.a.6089
=856  4\$uhttp://www.bk1.jp/trcno/10026039/?partnerid=oclc&siteid=oclc$zJapanese record available for display
=880  1\$6100-01$a佐藤由利子.
=880  10$6245-02$a日本の留学生政策の評価 :$b人材養成、友好促進、経済効果の視点から /$c佐藤由利子著.
=880  \\$6260-03$a東京 :$b東信堂,$c2010.
=880  \\$6500-00$a文献:p201-212
=880  07$6650-04$a留学.$2jlabsh/4
=880  07$6650-05$a日本-対外関係.$2jlabsh/4
=CAT  \\$a11693$b40$c20100721$lBLL01$h1629
=CAT  \\$aWR12170$c20121116$lBLL01$h1703
=FMT  \\$a  BK
=LAS  \\$aWR12170$b00$c20121116$lBLL01$h1703
=SID  \\$aZ39$bOCLC
=STA  \\$aSUPPRESSED$bPreliminary Record

