=LDR  01448cam a2200397 a 4500
=001  015608094
=003  Uk
=005  20100721163042.0
=008  100426s2010\\\\ja\\\\\\\\\\\\000\0\jpn\d
=FMT  \\$a  BK
=020  \\$a9784759917895
=020  \\$a4759917896
=035  \\$a(OCoLC)609533363
=040  \\$aUk$beng$cUk
=042  \\$aukblsr
=084  \\$a910.23$2njb/9
=245  00$6880-01$aHeian bungaku shinron :$bkokusaika jidai no shiten kara /$cHirano Yukiko.
=260  \\$6880-02$aTōkyō :$bKazamashobō,$c2010.
=300  \\$a370 p. ;$c22 cm.
=336  \\$atext$2rdacontent
=337  \\$aunmediated$2rdamedia
=338  \\$avolume$2rdacarrier
=650  07$6880-03$aNihon bungaku-Rekishi-Heian jidai.$2jlabsh/4
=700  1\$6880-04$aHirano, Yukiko.
=856  4\$uhttp://www.bk1.jp/trcno/10022655/?partnerid=oclc&siteid=oclc$zJapanese record available for display
=880  00$6245-01$a平安文学新論 :$b国際化時代の視点から /$c平野由紀子編.
=880  \\$6260-02$a東京 :$b風間書房,$c2010.
=880  07$6650-03$a日本文学-歴史-平安時代.$2jlabsh/4
=880  1\$6700-04$a平野由紀子.
=852  41$aBritish Library$bOC$jYP.2010.a.6088
=CAT  \\$a11693$b40$c20100721$lBLL01$h1630
=CAT  \\$aWR12170$c20121116$lBLL01$h1703
=CAT  \\$aBATCH-UPD$b00$c20230504$lBLL01$h1708
=SID  \\$aZ39$bOCLC
=STA  \\$aSUPPRESSED$bPreliminary Record
=LAS  \\$aBATCH-UPD$b00$c20230504$lBLL01$h1708

