=LDR  01313 am a2200397 a 4500
=001  015608097
=003  Uk
=005  20100721163228.0
=008  100405s2010\\\\ja\\\\\\\\\\\\000\0\jpn\d
=020  \\$a9784806047445
=020  \\$a4806047449
=035  \\$a(OCoLC)601045087
=040  \\$aUk$beng$cUk
=042  \\$aukblsr
=084  \\$a910.268$2njb/9
=100  1\$6880-01$aSawa, Hidehiko.
=245  10$6880-02$aNatsume sōseki no hyakunen /$cSawa Hidehiko.
=260  \\$6880-03$aTōkyō :$bChūsekisha,$c2010.
=300  \\$a407 p. ;$c20 cm.
=336  \\$atext$2rdacontent
=337  \\$aunmediated$2rdamedia
=338  \\$avolume$2rdacarrier
=600  14$6880-04$aNatsume, Sōseki.
=852  41$aBritish Library$bOC$jYP.2010.a.6078
=856  4\$uhttp://www.bk1.jp/trcno/10018796/?partnerid=oclc&siteid=oclc$zJapanese record available for display
=880  1\$6100-01$a沢英彦.
=880  10$6245-02$a夏目漱石の百年 /$c沢英彦著.
=880  \\$6260-03$a東京 :$b沖積舎,$c2010.
=880  14$6600-04$a夏目漱石.
=CAT  \\$a11693$b40$c20100721$lBLL01$h1631
=CAT  \\$a11693$b40$c20100721$lBLL01$h1632
=CAT  \\$aWR12170$c20121116$lBLL01$h1703
=FMT  \\$a  BK
=LAS  \\$aWR12170$b00$c20121116$lBLL01$h1703
=SID  \\$aZ39$bOCLC
=STA  \\$aSUPPRESSED$bPreliminary Record

