=LDR  01575cam a2200421 a 4500
=001  015609688
=003  Uk
=005  20100726125229.0
=008  100412s2010\\\\ja\\\\\\\\\\\\000\0\jpn\d
=FMT  \\$a  BK
=020  \\$a9784766417142
=020  \\$a4766417143
=035  \\$a(OCoLC)606739386
=040  \\$aUk$beng$cUk
=042  \\$aukblsr
=084  \\$a182.88$2njb/9
=245  00$6880-01$aKindai nihon no bukkyōsha :$bajia taiken to shisō no hen'yō /$cOgawara Masamichi;Koyama Satoko.
=260  \\$6880-02$aTōkyō :$bKeiō Gijuku Daigaku Shuppankai,$c2010.
=300  \\$a407, 13 p. ;$c20 cm.
=336  \\$atext$2rdacontent
=337  \\$aunmediated$2rdamedia
=338  \\$avolume$2rdacarrier
=650  07$6880-03$aSōryo.$2jlabsh/4
=700  1\$6880-04$aOgawara, Masamichi.
=700  1\$6880-05$aKoyama, Satoko.
=856  4\$uhttp://www.bk1.jp/trcno/10019344/?partnerid=oclc&siteid=oclc$zJapanese record available for display
=880  00$6245-01$a近代日本の仏教者 :$bアジア体験と思想の変容 /$c小川原正道編;小山聡子ほか著.
=880  \\$6260-02$a東京 :$b慶応義塾大学出版会,$c2010.
=880  07$6650-03$a僧侶.$2jlabsh/4
=880  1\$6700-04$a小川原正道.
=880  1\$6700-05$a小山聡子.
=852  41$aBritish Library$bOC$jYP.2010.a.6120
=CAT  \\$a11693$b40$c20100726$lBLL01$h1252
=CAT  \\$aWR12170$c20121116$lBLL01$h1703
=CAT  \\$aBATCH-UPD$b00$c20230504$lBLL01$h1708
=SID  \\$aZ39$bOCLC
=STA  \\$aSUPPRESSED$bPreliminary Record
=LAS  \\$aBATCH-UPD$b00$c20230504$lBLL01$h1708

