=LDR  01956cam a2200541 a 4500
=001  015609691
=003  Uk
=005  20100726125501.0
=008  100419s2010\\\\ja\\\\\\\\\\\\000\0\jpn\d
=FMT  \\$a  BK
=020  \\$a9784254515220
=020  \\$a4254515227
=035  \\$a(OCoLC)607972581
=040  \\$aUk$beng$cUk
=042  \\$aukblsr
=084  \\$a810.2$2njb/9
=100  1\$6880-01$aOkimori, Takuya.
=245  10$6880-02$aNihongoshi gaisetsu /$cOkimori Takuya;Chin Rikiei;Hizume Shūji;Yamamoto Shingo.
=260  \\$6880-03$aTōkyō :$bAsakurashoten,$c2010.
=300  \\$a193 p. ;$c21 cm.
=336  \\$atext$2rdacontent
=337  \\$aunmediated$2rdamedia
=338  \\$avolume$2rdacarrier
=490  1\$6880-04$aNihongo raiburarī
=650  07$6880-05$aNihongo-Rekishi.$2jlabsh/4
=700  1\$6880-06$aChin, Rikiei.
=700  1\$6880-07$aHizume, Shūji.
=700  1\$6880-08$aYamamoto, Shingo,$d1961-
=830  \0$6880-96$aNihongo raiburarī
=856  4\$uhttp://www.bk1.jp/trcno/10021936/?partnerid=oclc&siteid=oclc$zJapanese record available for display
=880  1\$6100-01$a沖森卓也.
=880  10$6245-02$a日本語史概說 /$c沖森卓也編著;陳力衛;肥爪周二;山本真吾著.
=880  \\$6260-03$a東京 :$b朝倉書店,$c2010.
=880  1\$6490-04$a日本語ライブラリー
=880  \\$6500-00$a文献:p135-137
=880  07$6650-05$a日本語-歴史.$2jlabsh/4
=880  1\$6700-06$a陳力衛.
=880  1\$6700-07$a肥爪周二.
=880  1\$6700-08$a山本真吾,$d1961-
=880  \\$6830-96$a日本語ライブラリー.
=852  41$aBritish Library$bOC$jYP.2010.a.6118
=CAT  \\$a11693$b40$c20100726$lBLL01$h1255
=CAT  \\$aWR12170$c20121116$lBLL01$h1703
=CAT  \\$aBATCH-UPD$b00$c20131121$lBLL01$h2207
=CAT  \\$aBATCH-UPD$b00$c20230504$lBLL01$h1708
=SID  \\$aZ39$bOCLC
=STA  \\$aSUPPRESSED$bPreliminary Record
=LAS  \\$aBATCH-UPD$b00$c20230504$lBLL01$h1708

