=LDR  01332 am a2200385 a 4500
=001  015609693
=003  Uk
=005  20100726125612.0
=008  100524s2010\\\\ja\\\\\\\\\\\\000\0\jpn\d
=020  \\$a9784000236928
=020  \\$a400023692X
=035  \\$a(OCoLC)630521384
=040  \\$aUk$beng$cUk
=042  \\$aukblsr
=084  \\$a289.2$2njb/9
=100  1\$6880-01$aPeku, Jon'uon.
=245  10$6880-02$aZainichi issei ga kataru sensō to shokuminchi no jidai o ikite /$cHaku Sōgen.
=260  \\$6880-03$aTōkyō :$bIwanamishoten,$c2010.
=300  \\$a192 p. ;$c20 cm.
=336  \\$atext$2rdacontent
=337  \\$aunmediated$2rdamedia
=338  \\$avolume$2rdacarrier
=600  14$6880-04$aPeku, Jon'uon.
=852  41$aBritish Library$bOC$jYP.2010.a.6114
=856  4\$uhttp://www.bk1.jp/trcno/10027956/?partnerid=oclc&siteid=oclc$zJapanese record available for display
=880  1\$6100-01$a白宗元.
=880  10$6245-02$a在日一世が語る戦争と植民地の時代を生きて /$c白宗元著.
=880  \\$6260-03$a東京 :$b岩波書店,$c2010.
=880  14$6600-04$a白宗元.
=CAT  \\$a11693$b40$c20100726$lBLL01$h1256
=CAT  \\$aWR12170$c20121116$lBLL01$h1703
=FMT  \\$a  BK
=LAS  \\$aWR12170$b00$c20121116$lBLL01$h1703
=SID  \\$aZ39$bOCLC
=STA  \\$aSUPPRESSED$bPreliminary Record

