=LDR  01492cam a2200445 a 4500
=001  015609695
=003  Uk
=005  20100726125722.0
=008  100524s2010\\\\ja\\\\\\\\\\\\000\0\jpn\d
=FMT  \\$a  BK
=020  \\$a9784000224987
=020  \\$a4000224980
=035  \\$a(OCoLC)630521373
=040  \\$aUk$beng$cUk
=042  \\$aukblsr
=084  \\$a910.268$2njb/9
=100  1\$6880-01$aAiso, Ryōsō.
=245  10$6880-02$aKafū yowa /$cAiso Ryōsō;Koide Masahiro.
=260  \\$6880-03$aTōkyō :$bIwanamishoten,$c2010.
=300  \\$a421, 14 p. ;$c20 cm.
=336  \\$atext$2rdacontent
=337  \\$aunmediated$2rdamedia
=338  \\$avolume$2rdacarrier
=600  14$6880-04$aNagai, Kafū.
=700  1\$6880-05$aKoide, Masahiro.
=856  4\$uhttp://www.bk1.jp/trcno/10027955/?partnerid=oclc&siteid=oclc$zJapanese record available for display
=880  1\$6100-01$a相磯凌霜.
=880  10$6245-02$a荷風余話 /$c相磯凌霜著;小出昌洋編.
=880  \\$6260-03$a東京 :$b岩波書店,$c2010.
=880  \\$6500-00$a布装
=880  \\$6500-00$a著作一覧:p419-421
=880  14$6600-04$a永井荷風.
=880  1\$6700-05$a小出昌洋.
=852  41$aBritish Library$bOC$jYP.2010.a.6361
=CAT  \\$a11693$b40$c20100726$lBLL01$h1257
=CAT  \\$aWR12170$c20121116$lBLL01$h1703
=CAT  \\$aBATCH-UPD$b00$c20230504$lBLL01$h1708
=SID  \\$aZ39$bOCLC
=STA  \\$aSUPPRESSED$bPreliminary Record
=LAS  \\$aBATCH-UPD$b00$c20230504$lBLL01$h1708

