=LDR  01656 am a2200421 a 4500
=001  015609697
=003  Uk
=005  20100726130030.0
=008  100510s2010\\\\ja\\\\\\\\\\\\000\0\jpn\d
=020  \\$a9784792406943
=020  \\$a4792406943
=035  \\$a(OCoLC)613314601
=040  \\$aUk$beng$cUk
=042  \\$aukblsr
=084  \\$a210.5$2njb/9
=100  1\$6880-01$aYamamoto, Tarō,$d1961-
=245  10$6880-02$aKinsei bakufuryō shihai to chiiki shakai kōzō :$bbitchūnokuni kurashiki daikan yakusho kanka bakufuryō no kenkyū /$cYamamoto Tarō.
=260  \\$6880-03$aŌsaka :$bSeibundō Shuppan,$c2010.
=300  \\$a380 p. ;$c22 cm.
=336  \\$atext$2rdacontent
=337  \\$aunmediated$2rdamedia
=338  \\$avolume$2rdacarrier
=650  07$6880-04$aNihon-Rekishi-Edo jidai.$2jlabsh/4
=650  07$6880-05$aDaikan.$2jlabsh/4
=852  41$aBritish Library$bOC$jYP.2010.a.5749
=856  4\$uhttp://www.bk1.jp/trcno/10025934/?partnerid=oclc&siteid=oclc$zJapanese record available for display
=880  1\$6100-01$a山本太郎,$c日本史$d1961-
=880  10$6245-02$a近世幕府領支配と地域社会構造 :$b備中国倉敷代官役所管下幕府領の研究 /$c山本太郎著.
=880  \\$6260-03$a大阪 :$b清文堂出版,$c2010.
=880  07$6650-04$a日本-歴史-江戶時代.$2jlabsh/4
=880  07$6650-05$a代官.$2jlabsh/4
=CAT  \\$a11693$b40$c20100726$lBLL01$h1300
=CAT  \\$aBATCH-UPD$b40$c20101031$lBLL01$h2050
=CAT  \\$aWR12170$c20121116$lBLL01$h1703
=FMT  \\$a  BK
=LAS  \\$aWR12170$b00$c20121116$lBLL01$h1703
=SID  \\$aZ39$bOCLC
=STA  \\$aSUPPRESSED$bPreliminary Record

