=LDR  01502 am a2200421 a 4500
=001  015609698
=003  Uk
=005  20100726130220.0
=008  100524s2010\\\\ja\\\\\\\\\\\\000\0\jpn\d
=020  \\$a9784642024754
=020  \\$a4642024751
=035  \\$a(OCoLC)630519701
=040  \\$aUk$beng$cUk
=042  \\$aukblsr
=084  \\$a210.09$2njb/9
=100  1\$6880-01$aSuematsu, Takeshi,$d1967-
=245  10$6880-02$aHeian kyūtei no girei bunka /$cSuematsu Takeshi.
=260  \\$6880-03$aTōkyō :$bYoshikawakōbunkan,$c2010.
=300  \\$a337, 12 p. ;$c22 cm.
=336  \\$atext$2rdacontent
=337  \\$aunmediated$2rdamedia
=338  \\$avolume$2rdacarrier
=650  07$6880-04$aYūsoku kojitsu.$2jlabsh/4
=650  07$6880-05$aNihon-Rekishi-Heian jidai.$2jlabsh/4
=852  41$aBritish Library$bOC$jYP.2010.a.5726
=856  4\$uhttp://www.bk1.jp/trcno/10027847/?partnerid=oclc&siteid=oclc$zJapanese record available for display
=880  1\$6100-01$a末松剛,$d1967-
=880  10$6245-02$a平安宮廷の儀礼文化 /$c末松剛著.
=880  \\$6260-03$a東京 :$b吉川弘文館,$c2010.
=880  07$6650-04$a有職故実.$2jlabsh/4
=880  07$6650-05$a日本-歴史-平安時代.$2jlabsh/4
=CAT  \\$a11693$b40$c20100726$lBLL01$h1302
=CAT  \\$aBATCH-UPD$b40$c20101021$lBLL01$h2121
=CAT  \\$aWR12170$c20121116$lBLL01$h1703
=FMT  \\$a  BK
=LAS  \\$aWR12170$b00$c20121116$lBLL01$h1703
=SID  \\$aZ39$bOCLC
=STA  \\$aSUPPRESSED$bPreliminary Record

