=LDR  01464 am a2200409 a 4500
=001  015609702
=003  Uk
=005  20100726130524.0
=008  100621s2010\\\\ja\\\\\\\\\\\\000\0\jpn\d
=020  \\$a9784642037952
=020  \\$a4642037950
=035  \\$a(OCoLC)642814002
=040  \\$aUk$beng$cUk
=042  \\$aukblsr
=084  \\$a334.4225$2njb/9
=100  1\$6880-01$aKomine, Kazuo.
=245  10$6880-02$aManshū shinshiroku no kenkyū /$cKomine Kazuo.
=260  \\$6880-03$aTōkyō :$bYoshikawakōbunkan,$c2010.
=300  \\$a330, 25 p. ;$c22 cm.
=336  \\$atext$2rdacontent
=337  \\$aunmediated$2rdamedia
=338  \\$avolume$2rdacarrier
=650  07$6880-04$aImin shokumin-Rekishi.$2jlabsh/4
=650  07$6880-05$aNihonjin(Manshū zairyū)-Rekishi.$2jlabsh/4
=852  41$aBritish Library$bOC$jYP.2010.a.5725
=856  4\$uhttp://www.bk1.jp/trcno/10032710/?partnerid=oclc&siteid=oclc$zJapanese record available for display
=880  1\$6100-01$a小峰和夫.
=880  10$6245-02$a満洲紳士錄の研究 /$c小峰和夫著.
=880  \\$6260-03$a東京 :$b吉川弘文館,$c2010.
=880  07$6650-04$a移民・植民-歴史.$2jlabsh/4
=880  07$6650-05$a日本人(満州在留)-歴史.$2jlabsh/4
=CAT  \\$a11693$b40$c20100726$lBLL01$h1305
=CAT  \\$aWR12170$c20121116$lBLL01$h1703
=FMT  \\$a  BK
=LAS  \\$aWR12170$b00$c20121116$lBLL01$h1703
=SID  \\$aZ39$bOCLC
=STA  \\$aSUPPRESSED$bPreliminary Record

