=LDR  01456cam a2200421 a 4500
=001  015609704
=003  Uk
=005  20100726130817.0
=008  100628s2010\\\\ja\\\\\\\\\\\\000\0\jpn\d
=FMT  \\$a  BK
=020  \\$a9784840696746
=020  \\$a4840696748
=035  \\$a(OCoLC)644532684
=040  \\$aUk$beng$cUk
=042  \\$aukblsr
=084  \\$a772.1$2njb/9
=100  1\$6880-01$aYamaji, Kōzō.
=245  10$6880-02$aKinsei geinō no taidō /$cYamaji Kōzō.
=260  \\$6880-03$aTōkyō :$bYagishoten,$c2010.
=300  \\$a417 p. ;$c22 cm.
=336  \\$atext$2rdacontent
=337  \\$aunmediated$2rdamedia
=338  \\$avolume$2rdacarrier
=650  07$6880-04$aGeinō-Rekishi.$2jlabsh/4
=650  07$6880-05$aNihon-Rekishi-Kinsei.$2jlabsh/4
=856  4\$uhttp://www.bk1.jp/trcno/10034825/?partnerid=oclc&siteid=oclc$zJapanese record available for display
=880  1\$6100-01$a山路興造.
=880  10$6245-02$a近世芸能の胎動 /$c山路興造著.
=880  \\$6260-03$a東京 :$b八木書店,$c2010.
=880  07$6650-04$a芸能-歴史.$2jlabsh/4
=880  07$6650-05$a日本-歴史-近世.$2jlabsh/4
=852  41$aBritish Library$bOC$jYP.2010.a.5747
=CAT  \\$a11693$b40$c20100726$lBLL01$h1308
=CAT  \\$aWR12170$c20121116$lBLL01$h1703
=CAT  \\$aBATCH-UPD$b00$c20230504$lBLL01$h1708
=SID  \\$aZ39$bOCLC
=STA  \\$aSUPPRESSED$bPreliminary Record
=LAS  \\$aBATCH-UPD$b00$c20230504$lBLL01$h1708

