=LDR  01448 am a2200421 a 4500
=001  015609707
=003  Uk
=005  20100726130924.0
=008  100621s2010\\\\ja\\\\\\\\\\\\000\0\jpn\d
=020  \\$a9784792406981
=020  \\$a4792406986
=035  \\$a(OCoLC)642815493
=040  \\$aUk$beng$cUk
=042  \\$aukblsr
=084  \\$a216$2njb/9
=100  1\$6880-01$aAmano, Tadayuki.
=245  10$6880-02$aSengokuki miyoshi seiken no kenkyū /$cAmano Tadayuki.
=260  \\$6880-03$aŌsaka :$bSeibundōshuppan,$c2010.
=300  \\$a370 p. ;$c22 cm.
=336  \\$atext$2rdacontent
=337  \\$aunmediated$2rdamedia
=338  \\$avolume$2rdacarrier
=650  07$6880-04$aKinki chihō-Rekishi.$2jlabsh/4
=650  07$6880-05$aMiyoshi shi.$2jlabsh/4
=852  41$aBritish Library$bOC$jYP.2010.a.6274
=856  4\$uhttp://www.bk1.jp/trcno/10033120/?partnerid=oclc&siteid=oclc$zJapanese record available for display
=880  1\$6100-01$a天野忠幸.
=880  10$6245-02$a戦国期三好政権の研究 /$c天野忠幸著.
=880  \\$6260-03$a大阪 :$b清文堂出版,$c2010.
=880  \\$6500-00$a布装
=880  07$6650-04$a近畿地方-歴史.$2jlabsh/4
=880  07$6650-05$a三好氏.$2jlabsh/4
=CAT  \\$a11693$b40$c20100726$lBLL01$h1309
=CAT  \\$aWR12170$c20121116$lBLL01$h1703
=FMT  \\$a  BK
=LAS  \\$aWR12170$b00$c20121116$lBLL01$h1703
=SID  \\$aZ39$bOCLC
=STA  \\$aSUPPRESSED$bPreliminary Record

