=LDR  01392 am a2200421 a 4500
=001  015609708
=003  Uk
=005  20100726131039.0
=008  100712s2010\\\\ja\\\\\\\\\\\\000\0\jpn\d
=020  \\$a9784130601917
=020  \\$a4130601911
=035  \\$a(OCoLC)647080126
=040  \\$aUk$beng$cUk
=042  \\$aukblsr
=084  \\$a480.76$2njb/9
=100  1\$6880-01$aIshida, Osamu.
=245  10$6880-02$aNihon no dōbutsuen /$cIshida Osamu.
=260  \\$6880-03$aTōkyō :$bTōkyōdaigakushuppankai,$c2010.
=300  \\$a253 p. ;$c22 cm.
=336  \\$atext$2rdacontent
=337  \\$aunmediated$2rdamedia
=338  \\$avolume$2rdacarrier
=490  1\$aNatural History
=650  07$6880-05$aDōbutsuen.$2jlabsh/4
=830  \0$aNatural History.
=852  41$aBritish Library$bOC$jYP.2010.a.5746
=856  4\$uhttp://www.bk1.jp/trcno/10037659/?partnerid=oclc&siteid=oclc$zJapanese record available for display
=880  1\$6100-01$a石田戢.
=880  10$6245-02$a日本の動物園 /$c石田戢著.
=880  \\$6260-03$a東京 :$b東京大学出版会,$c2010.
=880  \\$6500-00$a文献:p235-241
=880  07$6650-05$a動物園.$2jlabsh/4
=CAT  \\$a11693$b40$c20100726$lBLL01$h1310
=CAT  \\$aWR12170$c20121116$lBLL01$h1703
=FMT  \\$a  BK
=LAS  \\$aWR12170$b00$c20121116$lBLL01$h1703
=SID  \\$aZ39$bOCLC
=STA  \\$aSUPPRESSED$bPreliminary Record

