=LDR  01474 am a2200397 a 4500
=001  015609710
=003  Uk
=005  20100726131140.0
=008  100524s2010\\\\ja\\\\\\\\\\\\000\0\jpn\d
=020  \\$a9784838602438
=020  \\$a483860243X
=035  \\$a(OCoLC)630525501
=040  \\$aUk$beng$cUk
=042  \\$aukblsr
=084  \\$a818.62$2njb/9
=100  1\$6880-01$aTerashima, Hiroko.
=245  10$6880-02$aMachiya no kyōkotoba :$bmeiji sanjūnendaiumare washa ni yoru bunrui goihen /$cTerashima Hiroko.
=260  \\$6880-03$aTōkyō :$bMusashinoshoin,$c2010.
=300  \\$a492 p. ;$c22 cm.
=336  \\$atext$2rdacontent
=337  \\$aunmediated$2rdamedia
=338  \\$avolume$2rdacarrier
=650  07$6880-04$aNihongo-Hōgen-Kyōtoshi.$2jlabsh/4
=852  41$aBritish Library$bOC$jYP.2010.a.5748
=856  4\$uhttp://www.bk1.jp/trcno/10028248/?partnerid=oclc&siteid=oclc$zJapanese record available for display
=880  1\$6100-01$a寺島浩子.
=880  10$6245-02$a町家の京言葉 :$b明治三〇年代生まれ話者による分類語彙篇 /$c寺島浩子著.
=880  \\$6260-03$a東京 :$b武蔵野書院,$c2010.
=880  \\$6500-00$a文献:p442-452
=880  07$6650-04$a日本語-方言-京都市.$2jlabsh/4
=CAT  \\$a11693$b40$c20100726$lBLL01$h1311
=CAT  \\$aWR12170$c20121116$lBLL01$h1703
=FMT  \\$a  BK
=LAS  \\$aWR12170$b00$c20121116$lBLL01$h1703
=SID  \\$aZ39$bOCLC
=STA  \\$aSUPPRESSED$bPreliminary Record

