=LDR  01323 am a2200385 a 4500
=001  015609711
=003  Uk
=005  20100726131256.0
=008  100308s2010\\\\ja\\\\\\\\\\\\000\0\jpn\d
=020  \\$a9784490206876
=020  \\$a4490206879
=035  \\$a(OCoLC)546180385
=040  \\$aUk$beng$cUk
=042  \\$aukblsr
=084  \\$a814.031$2njb/9
=100  1\$6880-01$aI, Hansoppu.
=245  10$6880-02$aKindai kango kenkyū bunken mokuroku /$cRi Kanshō.
=260  \\$6880-03$aTōkyō :$bTōkyōdōshuppan,$c2010.
=300  \\$a316 p. ;$c22 cm.
=336  \\$atext$2rdacontent
=337  \\$aunmediated$2rdamedia
=338  \\$avolume$2rdacarrier
=650  07$6880-04$aNihongo-Goi-Shoshi.$2jlabsh/4
=852  41$aBritish Library$bOC$jYP.2010.a.6117
=856  4\$uhttp://www.bk1.jp/trcno/10011994/?partnerid=oclc&siteid=oclc$zJapanese record available for display
=880  1\$6100-01$a李漢燮.
=880  10$6245-02$a近代漢語研究文献目錄 /$c李漢燮編.
=880  \\$6260-03$a東京 :$b東京堂出版,$c2010.
=880  07$6650-04$a日本語-語彙-書誌.$2jlabsh/4
=CAT  \\$a11693$b40$c20100726$lBLL01$h1312
=CAT  \\$aWR12170$c20121116$lBLL01$h1703
=FMT  \\$a  BK
=LAS  \\$aWR12170$b00$c20121116$lBLL01$h1703
=SID  \\$aZ39$bOCLC
=STA  \\$aSUPPRESSED$bPreliminary Record

