=LDR  01604 am a2200445 a 4500
=001  015609717
=003  Uk
=005  20100726131541.0
=008  100426s2010\\\\ja\\\\\\\\\\\\000\0\jpn\d
=020  \\$a9784103030232
=020  \\$a4103030232
=035  \\$a(OCoLC)609539802
=040  \\$aUk$beng$cUk
=042  \\$aukblsr
=084  \\$a210.3$2njb/9
=100  1\$6880-01$aUmehara, Takeshi.
=245  10$6880-02$aHōmurareta ōchō :$bkodai izumo no nazo o toku /$cUmehara Takeshi.
=260  \\$6880-03$aTōkyō :$bShinchōsha,$c2010.
=300  \\$a318 p. ;$c20 cm.
=336  \\$atext$2rdacontent
=337  \\$aunmediated$2rdamedia
=338  \\$avolume$2rdacarrier
=650  07$6880-04$aNihon-Rekishi-Kodai.$2jlabsh/4
=650  07$6880-05$aShinwa-Nihon.$2jlabsh/4
=650  07$6880-06$aIseki ibutsu-Shimaneken.$2jlabsh/4
=852  41$aBritish Library$bOC$jYP.2010.a.6369
=856  4\$uhttp://www.bk1.jp/trcno/10024017/?partnerid=oclc&siteid=oclc$zJapanese record available for display
=880  1\$6100-01$a梅原猛.
=880  10$6245-02$a葬られた王朝 :$b古代出雲の謎を解く /$c梅原猛著.
=880  \\$6260-03$a東京 :$b新潮社,$c2010.
=880  \\$6500-00$a文献:p316-318
=880  07$6650-04$a日本-歴史-古代.$2jlabsh/4
=880  07$6650-05$a神話-日本.$2jlabsh/4
=880  07$6650-06$a遺跡・遺物-島根県.$2jlabsh/4
=CAT  \\$a11693$b40$c20100726$lBLL01$h1315
=CAT  \\$aWR12170$c20121116$lBLL01$h1703
=FMT  \\$a  BK
=LAS  \\$aWR12170$b00$c20121116$lBLL01$h1703
=SID  \\$aZ39$bOCLC
=STA  \\$aSUPPRESSED$bPreliminary Record

