=LDR  01371 am a2200397 a 4500
=001  015609721
=003  Uk
=005  20100726131742.0
=008  100607s2010\\\\ja\\\\\\\\\\\\000\0\jpn\d
=020  \\$a9784000237895
=020  \\$a4000237896
=035  \\$a(OCoLC)639157645
=040  \\$aUk$beng$cUk
=042  \\$aukblsr
=084  \\$a210.68$2njb/9
=100  1\$6880-01$aTanaka, Nobumasa.
=245  10$6880-02$aTaigyaku jiken :$bshi to sei no gunzō /$cTanaka Nobumasa.
=260  \\$6880-03$aTōkyō :$bIwanamishoten,$c2010.
=300  \\$a353, 10 p. ;$c20 cm.
=336  \\$atext$2rdacontent
=337  \\$aunmediated$2rdamedia
=338  \\$avolume$2rdacarrier
=650  07$6880-04$aTaigyaku jiken.$2jlabsh/4
=852  41$aBritish Library$bOC$jYP.2010.a.6370
=856  4\$uhttp://www.bk1.jp/trcno/10030748/?partnerid=oclc&siteid=oclc$zJapanese record available for display
=880  1\$6100-01$a田中伸尚.
=880  10$6245-02$a大逆事件 :$b死と生の群像 /$c田中伸尚著.
=880  \\$6260-03$a東京 :$b岩波書店,$c2010.
=880  \\$6500-00$a文献:卷末p1-10
=880  07$6650-04$a大逆事件(1910).$2jlabsh/4
=CAT  \\$a11693$b40$c20100726$lBLL01$h1317
=CAT  \\$aWR12170$c20121116$lBLL01$h1703
=FMT  \\$a  BK
=LAS  \\$aWR12170$b00$c20121116$lBLL01$h1703
=SID  \\$aZ39$bOCLC
=STA  \\$aSUPPRESSED$bPreliminary Record

