=LDR  01410 am a2200409 a 4500
=001  015609722
=003  Uk
=005  20100726131908.0
=008  100607s2010\\\\ja\\\\\\\\\\\\000\0\jpn\d
=020  \\$a9784000237246
=020  \\$a4000237241
=035  \\$a(OCoLC)639157039
=040  \\$aUk$beng$cUk
=042  \\$aukblsr
=084  \\$a910.268$2njb/9
=100  1\$6880-01$aKomori, Yōichi.
=245  10$6880-02$aSōseki ron :$bnijūisseiki o ikinuku tame ni /$cKomori Yōichi.
=260  \\$6880-03$aTōkyō :$bIwanamishoten,$c2010.
=300  \\$a350 p. ;$c20 cm.
=336  \\$atext$2rdacontent
=337  \\$aunmediated$2rdamedia
=338  \\$avolume$2rdacarrier
=600  14$6880-04$aNatsume, Sōseki.
=852  41$aBritish Library$bOC$jYP.2010.a.6113
=856  4\$uhttp://www.bk1.jp/trcno/10030532/?partnerid=oclc&siteid=oclc$zJapanese record available for display
=880  1\$6100-01$a小森陽一.
=880  10$6245-02$a漱石論 :$b21世紀を生き抜くために /$c小森陽一著.
=880  \\$6260-03$a東京 :$b岩波書店,$c2010.
=880  \\$6500-00$a年表:p341-344
=880  14$6600-04$a夏目漱石.
=CAT  \\$a11693$b40$c20100726$lBLL01$h1318
=CAT  \\$a11693$b40$c20100726$lBLL01$h1319
=CAT  \\$aWR12170$c20121116$lBLL01$h1703
=FMT  \\$a  BK
=LAS  \\$aWR12170$b00$c20121116$lBLL01$h1703
=SID  \\$aZ39$bOCLC
=STA  \\$aSUPPRESSED$bPreliminary Record

