=LDR  01763 am a2200469 a 4500
=001  015609726
=003  Uk
=005  20100726131943.0
=008  100607s2010\\\\ja\\\\\\\\\\\\000\0\jpn\d
=020  \\$a9784000242714
=020  \\$a4000242717
=035  \\$a(OCoLC)639157034
=040  \\$aUk$beng$cUk
=042  \\$aukblsr
=084  \\$a366.021$2njb/9
=100  1\$6880-01$aŌsawa, Machiko.
=245  10$6880-02$aNihongata wākingu pua no honshitsu :$btayōsei o tsutsumikomi ikasu shakai e /$cŌsawa Machiko.
=260  \\$6880-03$aTōkyō :$bIwanamishoten,$c2010.
=300  \\$a250 p. ;$c20 cm.
=336  \\$atext$2rdacontent
=337  \\$aunmediated$2rdamedia
=338  \\$avolume$2rdacarrier
=650  07$6880-04$aRōdō mondai-Nihon.$2jlabsh/4
=650  07$6880-05$aHiseiki koyō.$2jlabsh/4
=650  07$6880-06$aHinkon.$2jlabsh/4
=852  41$aBritish Library$bOC$jYP.2010.a.6116
=856  4\$uhttp://www.bk1.jp/trcno/10030531/?partnerid=oclc&siteid=oclc$zJapanese record available for display
=880  1\$6100-01$a大沢真知子.
=880  10$6245-02$a日本型ワーキングプアの本質 :$b多様性を包み込み活かす社会へ /$c大沢真知子著.
=880  \\$6260-03$a東京 :$b岩波書店,$c2010.
=880  \\$6500-00$a文献:p244-248
=880  07$6650-04$a労働問題-日本.$2jlabsh/4
=880  07$6650-05$a非正規雇用.$2jlabsh/4
=880  07$6650-06$a貧困.$2jlabsh/4
=CAT  \\$a11693$b40$c20100726$lBLL01$h1319
=CAT  \\$aBATCH-UPD$b40$c20100726$lBLL01$h1320
=CAT  \\$aWR12170$c20121116$lBLL01$h1703
=CAT  \\$aBATCH-UPD$b00$c20190804$lBLL01$h2045
=FMT  \\$a  BK
=LAS  \\$aBATCH-UPD$b00$c20190804$lBLL01$h2045
=SID  \\$aZ39$bOCLC
=STA  \\$aSUPPRESSED$bPreliminary Record

