=LDR  02422 am a2200625 a 4500
=001  015609728
=003  Uk
=005  20100726132054.0
=008  100531s2010\\\\ja\a\\\\\b\\\\000\0\jpn\d
=020  \\$a9784642056977
=020  \\$a4642056971
=035  \\$a(OCoLC)635376420
=040  \\$aUk$beng$cUk
=042  \\$aukblsr
=043  \\$aa-ja---
=050  \4$aND2851$b.D66 2010
=084  \\$a210.32$2njb/9
=100  1\$6880-01$aDonohashi, Akio,$d1948-
=245  10$6880-02$aKodai hekiga no sekai :$bTakamatsuzuka, Kitora, Hōryūji kondō /$cDonohashi Akio.
=260  \\$6880-03$aTōkyō :$bYoshikawa Kōbunkan,$c2010.
=300  \\$a5, 200 p. :$bill. ;$c19 cm.
=336  \\$atext$2rdacontent
=337  \\$aunmediated$2rdamedia
=338  \\$avolume$2rdacarrier
=490  1\$6880-04$aRekishi bunka raiburarī ;$v297
=504  \\$aIncludes bibliographical references (p. 196-198).
=610  14$6880-06$aHōryūji.
=650  \0$aMural painting and decoration, Japanese$yTo 794.
=650  \0$aBuddhist mural painting and decoration.
=650  \0$aTombs$zJapan.
=650  \0$aTakamatsuzuka Tomb (Asuka-mura, Japan)
=650  \0$aKitora Tomb (Asuka-mura, Japan)
=650  07$6880-05$aKofun.$2jlabsh/4
=650  07$6880-07$aHekiga.$2jlabsh/4
=710  2\$6880-08$aHōryūji (Ikaruga-chō, Nara-ken, Japan)
=830  \0$6880-09$aRekishi bunka raiburarī$v297.
=852  41$aBritish Library$bOC$jYP.2010.a.6368
=856  4\$uhttp://www.bk1.jp/trcno/10027889/?partnerid=oclc&siteid=oclc$zJapanese record available for display
=880  1\$6100-01$a百橋明穂,$d1948-
=880  10$6245-02$a古代壁画の世界 :$b高松塚・キトラ・法隆寺金堂 /$c百橋明穂.
=880  \\$6260-03$a東京 :$b吉川弘文館,$c2010.
=880  1\$6490-04$a歴史文化ライブラリー ;$v297
=880  07$6650-05$a古墳.$2jlabsh/4
=880  14$6610-06$a法隆寺,$c奈良県斑鳩町
=880  07$6650-07$a壁画.$2jlabsh/4
=880  2\$6710-08$a法隆寺 (斑鳩町, 奈良県, Japan)
=880  \0$6830-09$a歴史文化ライブラリー ;$v297.
=CAT  \\$a11693$b40$c20100726$lBLL01$h1320
=CAT  \\$aBATCH-UPD$b40$c20100726$lBLL01$h1321
=CAT  \\$aBATCH-UPD$b40$c20121013$lBLL01$h1813
=CAT  \\$aWR12170$c20121116$lBLL01$h1703
=FMT  \\$a  BK
=LAS  \\$aWR12170$b00$c20121116$lBLL01$h1703
=SID  \\$aZ39$bOCLC
=STA  \\$aSUPPRESSED$bPreliminary Record

