=LDR  02062 am a2200553 a 4500
=001  015609731
=003  Uk
=005  20120918153953.0
=008  100531s2010\\\\ja\a\\\\\b\\\\000\0\jpn\d
=020  \\$a9784642056984
=020  \\$a464205698X
=035  \\$a(OCoLC)635376432
=040  \\$aUk$beng$cUk
=042  \\$aukblsr
=043  \\$aa-ja---
=050  \4$aT395$b.K86 2010
=084  \\$a606.9$2njb/9
=100  1\$6880-01$aKuni, Takeyuki,$d1964-
=245  10$6880-02$aHakurankai to Meiji no Nihon /$cKuni Takeyuki.
=260  \\$6880-03$aTōkyō :$bYoshikawa Kōbunkan,$c2010.
=300  \\$a6, 222 p. :$bill. ;$c19 cm.
=336  \\$atext$2rdacontent
=337  \\$aunmediated$2rdamedia
=338  \\$avolume$2rdacarrier
=490  1\$6880-04$aRekishi bunka raiburarī ;$v298
=504  \\$aIncludes bibliographical references (p. 218-222).
=650  \0$aExhibitions$xHistory.
=650  07$6880-05$aHakurankai-Rekishi.$2jlabsh/4
=650  07$6880-06$aNihon-Rekishi-Meiji jidai.$2jlabsh/4
=651  \0$aJapan$xHistory$yMeiji period, 1868-1912.
=830  \0$6880-07$aRekishi bunka raiburarī$v298.
=852  41$aBritish Library$bOC$jYP.2010.a.6367
=856  4\$uhttp://www.bk1.jp/trcno/10027892/?partnerid=oclc&siteid=oclc$zJapanese record available for display
=880  1\$6100-01$a國雄行,$d1964-
=880  10$6245-02$a博覧会と明治の日本 /$c國雄行.
=880  \\$6260-03$a東京 :$b吉川弘文館,$c2010.
=880  1\$6490-04$a歴史文化ライブラリー ;$v298
=880  07$6650-05$a博覧会-歴史.$2jlabsh/4
=880  07$6650-06$a日本-歴史-明治時代.$2jlabsh/4
=880  \0$6830-07$a歴史文化ライブラリー ;$v298.
=CAT  \\$a11693$b40$c20100726$lBLL01$h1322
=CAT  \\$aBATCH-UPD$b40$c20100726$lBLL01$h1322
=CAT  \\$a10969$b40$c20120918$lBLL01$h1539
=CAT  \\$aBATCH-UPD$b40$c20121013$lBLL01$h1813
=CAT  \\$aWR12170$c20121116$lBLL01$h1703
=FMT  \\$a  BK
=LAS  \\$aWR12170$b00$c20121116$lBLL01$h1703
=SID  \\$aZ39$bOCLC
=STA  \\$aSUPPRESSED$bPreliminary Record

