=LDR  02085 am a2200577 a 4500
=001  015613721
=003  Uk
=005  20130808133250.0
=008  100301s2010\\\\ja\a\\\\\b\\\\001\0djpn\c
=020  \\$a9784863610040
=020  \\$a4863610041
=035  \\$a(OCoLC)534633243
=040  \\$aUk$beng$cUk
=042  \\$aukblsr
=042  \\$apcc
=043  \\$aa-ja---
=050  \4$aPL728.A2$bI56 2010
=050  \4$aPL728.81185$b.I56 2010
=084  \\$a911.102$2njb/9
=100  1\$6880-01$aInoue, Tatsuo,$d1928-
=245  10$6880-02$aZusetsu, Waka to kajin no rekishi jiten /$cInoue Tatsuo cho.
=246  30$6880-03$aWaka to kajin no rekishi jiten
=246  3\$aZusetsu, Waka to utabito no rekishi jiten
=260  \\$6880-04$aTōkyō :$bYūshikan,$c2010.
=300  \\$avii, 370 p. :$bill. ;$c27 cm.
=336  \\$atext$2rdacontent
=337  \\$aunmediated$2rdamedia
=338  \\$avolume$2rdacarrier
=504  \\$aIncludes bibliographical references and index.
=650  \0$aWaka$xHistory and criticism.
=650  \0$aPoets, Japanese$yTo 794.
=650  \0$aPoets, Japanese$yHeian period, 794-1185.
=650  07$6880-05$aWaka-Rekishi.$2jlabsh/4
=650  07$6880-06$aKajin.$2jlabsh/4
=650  \0$aJapanese poetry$yTo 794$xExplication.
=650  \0$aJapanese poetry$yHeian period, 794-1185$xExplication.
=852  41$aBritish Library$bOC$jYP.2010.b.794
=856  4\$uhttp://www.bk1.jp/trcno/10010438/?partnerid=oclc&siteid=oclc$zJapanese record available for display
=880  1\$6100-01$a井上辰雄,$d1928-
=880  10$6245-02$a図說・和歌と歌人の歴史事典 /$c井上辰雄著.
=880  30$6246-03$a和歌と歌人の歴史事典
=880  \\$6260-04$a東京 :$b遊子館,$c2010.
=880  07$6650-05$a和歌-歴史.$2jlabsh/4
=880  07$6650-06$a歌人.$2jlabsh/4
=CAT  \\$a11693$b40$c20100729$lBLL01$h1353
=CAT  \\$aWR12170$c20121116$lBLL01$h1703
=CAT  \\$a7565$b40$c20130808$lBLL01$h1332
=FMT  \\$a  BK
=LAS  \\$a7565$b40$c20130808$lBLL01$h1332
=SID  \\$aZ39$bOCLC
=STA  \\$aSUPPRESSED$bPreliminary Record

