=LDR  01829 am a2200493 a 4500
=001  015613725
=003  Uk
=005  20100729135509.0
=008  091214s2009\\\\ja\abe\\\bd\\\001\0\jpn\d
=020  \\$a9784642014526
=020  \\$a4642014527
=035  \\$a(OCoLC)488489687
=040  \\$aUk$beng$cUk
=042  \\$aukblsr
=043  \\$aa-ja---
=084  \\$a210.5$2njb/9
=245  00$6880-01$aEdo bakufu daijiten /$cŌishi Manabu hen.
=260  \\$6880-02$aTōkyō :$bYoshikawa Kōbunkan,$c2009.
=300  \\$a9, 1073, 83 p. :$bill., maps, plans ;$c23 cm.
=336  \\$atext$2rdacontent
=337  \\$aunmediated$2rdamedia
=338  \\$avolume$2rdacarrier
=504  \\$aIncludes bibliographical references and index.
=650  07$6880-03$aNihon-Rekishi-Edo jidai-Benran.$2jlabsh/4
=650  07$6880-04$aBakuhan taisei.$2jlabsh/4
=651  \0$aJapan$xPolitics and government$y1600-1868$vDictionaries.
=651  \0$aJapan$xOfficials and employees$vDictionaries.
=651  \0$aJapan$xHistory$yTokugawa period, 1600-1868.
=651  \0$aJapan$xCivilization$y1600-1868.
=700  1\$6880-05$aŌishi, Manabu,$d1953-
=852  41$aBritish Library$bOC$jYP.2010.a.6373
=856  4\$uhttp://www.bk1.jp/trcno/09066236/?partnerid=oclc&siteid=oclc$zJapanese record available for display
=880  00$6245-01$a江戶幕府大事典 /$c大石学編.
=880  \\$6260-02$a東京 :$b吉川弘文館,$c2009.
=880  \\$6500-00$a布装
=880  07$6650-03$a日本-歴史-江戶時代-便覧.$2jlabsh/4
=880  07$6650-04$a幕藩体制.$2jlabsh/4
=880  1\$6700-05$a大石学,$d1953-
=CAT  \\$a11693$b40$c20100729$lBLL01$h1355
=CAT  \\$aWR12170$c20121116$lBLL01$h1703
=FMT  \\$a  BK
=LAS  \\$aWR12170$b00$c20121116$lBLL01$h1703
=SID  \\$aZ39$bOCLC
=STA  \\$aSUPPRESSED$bPreliminary Record

