=LDR  02008 am a2200553 a 4500
=001  015613727
=003  Uk
=005  20100729135638.0
=008  091214s2009\\\\ja\c\\\\\br\\\001\0cjpn\c
=020  \\$a9784642014533
=020  \\$a4642014535
=035  \\$a(OCoLC)488489689
=040  \\$aUk$beng$cUk
=042  \\$aukblsr
=042  \\$apcc
=043  \\$aa-ja---
=050  \4$aJQ1640$b.T67 2009
=084  \\$a312.1$2njb/9
=100  1\$6880-01$aToriumi, Yasushi,$d1934-
=245  10$6880-02$aRekidai naikaku, shushō jiten /$cToriumi Yasushi hen.
=260  \\$6880-03$aTōkyō :$bYoshikawa Kōbunkan,$c2009.
=300  \\$a12, 754, 61 p. :$bports. ;$c23 cm.
=336  \\$atext$2rdacontent
=337  \\$aunmediated$2rdamedia
=338  \\$avolume$2rdacarrier
=504  \\$aIncludes bibliographical references and indexes.
=610  10$aJapan.$bNaikaku$xHistory.
=650  \0$aCabinet officers$zJapan$xHistory.
=650  \0$aPrime ministers$zJapan$vBiography.
=650  07$6880-04$aNihon-Seiji gyōsei-Benran.$2jlabsh/4
=650  07$6880-05$aNaikaku.$2jlabsh/4
=650  07$6880-06$aNaikaku sōri daijin.$2jlabsh/4
=651  \0$aJapan$xPolitics and government$y1868-
=852  41$aBritish Library$bOC$jYP.2010.a.6363
=856  4\$uhttp://www.bk1.jp/trcno/09066240/?partnerid=oclc&siteid=oclc$zJapanese record available for display
=880  1\$6100-01$a鳥海靖,$d1934-
=880  10$6245-02$a歴代内閣, 首相事典 /$c鳥海靖編.
=880  \\$6260-03$a東京 :$b吉川弘文館,$c2009.
=880  \\$6500-00$a"布装"--JaToTRC rept.
=880  07$6650-04$a日本-政治・行政-便覧.$2jlabsh/4
=880  07$6650-05$a内閣.$2jlabsh/4
=880  07$6650-06$a内閣総理大臣.$2jlabsh/4
=CAT  \\$a11693$b40$c20100729$lBLL01$h1356
=CAT  \\$aBATCH-UPD$b40$c20100729$lBLL01$h1357
=CAT  \\$aWR12170$c20121116$lBLL01$h1703
=FMT  \\$a  BK
=LAS  \\$aWR12170$b00$c20121116$lBLL01$h1703
=SID  \\$aZ39$bOCLC
=STA  \\$aSUPPRESSED$bPreliminary Record

