=LDR  01719 am a2200481 a 4500
=001  015613730
=003  Uk
=005  20100729135837.0
=008  100329s2010\\\\ja\ab\\\\b\\\\001\0cjpn\c
=020  \\$a9784642014427
=020  \\$a464201442X
=035  \\$a(OCoLC)587064907
=040  \\$aUk$beng$cUk
=042  \\$aukblsr
=042  \\$apcc
=043  \\$aa-ja---
=050  \4$aCS1304$b.H37 2010
=050  \4$aDS834.5.A1$bH37 2010
=084  \\$a281.035$2njb/9
=100  1\$6880-01$aHashimoto, Masanobu,$d1943-
=245  10$6880-02$aKuge jiten /$cHashimoto Masanobu hen.
=260  \\$6880-03$aTōkyō :$bYoshikawa Kōbunkan,$c2010.
=300  \\$a11, 1051, 38 p. :$bill., maps ;$c23 cm.
=336  \\$atext$2rdacontent
=337  \\$aunmediated$2rdamedia
=338  \\$avolume$2rdacarrier
=504  \\$aIncludes bibliographical references (p. 14 (2nd group)) and indexes.
=650  \0$aNobility$zJapan$vGenealogy$vEncyclopedias.
=650  \0$aNobility$zJapan$vGenealogy$vBiography$vEncyclopedias.
=650  07$6880-04$aKuge-Meibo.$2jlabsh/4
=650  \0$aNobility$zJapan$vBiography$vDictionaries$xJapanese.
=852  41$aBritish Library$bOC$jYP.2010.a.6372
=856  4\$uhttp://www.bk1.jp/trcno/10015885/?partnerid=oclc&siteid=oclc$zJapanese record available for display
=880  1\$6100-01$a橋本政宣,$d1943-
=880  10$6245-02$a公家事典 /$c橋本政宣編.
=880  \\$6260-03$a東京 :$b吉川弘文館,$c2010.
=880  07$6650-04$a公家-名簿.$2jlabsh/4
=CAT  \\$a11693$b40$c20100729$lBLL01$h1358
=CAT  \\$aWR12170$c20121116$lBLL01$h1703
=FMT  \\$a  BK
=LAS  \\$aWR12170$b00$c20121116$lBLL01$h1703
=SID  \\$aZ39$bOCLC
=STA  \\$aSUPPRESSED$bPreliminary Record

