=LDR  01627cam a2200433 a 4500
=001  015613735
=003  Uk
=005  20100729140151.0
=008  100412s2010\\\\ja\\\\\\\\\\\\000\0\jpn\d
=FMT  \\$a  BK
=020  \\$a9784840696715
=020  \\$a4840696713
=035  \\$a(OCoLC)606742300
=040  \\$aUk$beng$cUk
=042  \\$aukblsr
=084  \\$a913.57$2njb/9
=245  00$6880-01$aEdo no ehon :$bgazō to tekisuto no ayanaseru sekai /$cSuzuki Jun;Asano Shūgō.
=260  \\$6880-02$aTōkyō :$bYagishoten,$c2010.
=300  \\$a504, 33 p. ;$c22 cm.
=336  \\$atext$2rdacontent
=337  \\$aunmediated$2rdamedia
=338  \\$avolume$2rdacarrier
=650  07$6880-03$aKusazōshi.$2jlabsh/4
=700  1\$6880-04$aSuzuki, Jun,$d1947-
=700  1\$6880-05$aAsano, Shūgō.
=856  4\$uhttp://www.bk1.jp/trcno/10019837/?partnerid=oclc&siteid=oclc$zJapanese record available for display
=880  00$6245-01$a江戶の絵本 :$b画像とテキストの綾なせる世界 /$c鈴木淳;浅野秀剛編.
=880  \\$6260-02$a東京 :$b八木書店,$c2010.
=880  \\$6500-00$a欧文タイトル:Ehon in the Edo Period:A Splendid World of Interwoven Image and Text
=880  07$6650-03$a草双紙.$2jlabsh/4
=880  1\$6700-04$a鈴木淳,$d1947-
=880  1\$6700-05$a浅野秀剛.
=852  41$aBritish Library$bOC$jYP.2010.a.6307
=CAT  \\$a11693$b40$c20100729$lBLL01$h1401
=CAT  \\$aWR12170$c20121116$lBLL01$h1703
=CAT  \\$aBATCH-UPD$b00$c20230504$lBLL01$h1708
=SID  \\$aZ39$bOCLC
=STA  \\$aSUPPRESSED$bPreliminary Record
=LAS  \\$aBATCH-UPD$b00$c20230504$lBLL01$h1708

