=LDR  02089 am a2200553 a 4500
=001  015613737
=003  Uk
=005  20100729140441.0
=008  091102s2009\\\\ja\\\\\\\bd\\\000\0cjpn\c
=010  \\$a2010381405
=020  \\$a9784336051424
=020  \\$a4336051429
=035  \\$a(OCoLC)462785625
=040  \\$aUk$beng$cUk
=042  \\$aukblsr
=042  \\$apcc
=043  \\$aa-ja---
=050  00$aPL723$b.H42 2009
=084  \\$a910.33$2njb/9
=100  1\$6880-01$aHigashi, Masao,$d1958-
=245  10$6880-02$aNihon gensō sakka jiten /$cHigashi Masao & Ishidō Ran hen.
=250  \\$6880-03$aShohan.
=260  \\$6880-04$aTōkyō :$bKokusho Kankōkai,$c2009.
=300  \\$avi, 1048 p. ;$c22 cm.
=336  \\$atext$2rdacontent
=337  \\$aunmediated$2rdamedia
=338  \\$avolume$2rdacarrier
=500  \\$aRevision of: Nihon gensō sakka meikan. [Tokyo] : Bunka Bungaku Shuppankyoku, 1991. (Bessatsu gensō bungaku ; 6).
=504  \\$aIncludes bibliographical references (p. vi (1st group)).
=650  \0$aFantasy literature, Japanese$vBiography$vDictionaries.
=650  \0$aAuthors, Japanese$vBiography$vDictionaries.
=700  1\$6880-05$aIshidō, Ran,$d1960-
=700  1\$6880-06.$aHigashi, Masao,$d1958-$tNihon gensō sakka meikan.
=852  41$aBritish Library$bOC$jYP.2010.a.6365
=856  4\$uhttp://www.bk1.jp/trcno/09056546/?partnerid=oclc&siteid=oclc$zJapanese record available for display
=880  1\$6100-01$a東雅夫,$d1958-
=880  10$6245-02$a日本幻想作家事典 /$c東雅夫&石堂藍編.
=880  \\$6250-03$a初版.
=880  \\$6260-04$a東京 :$b国書刊行会,$c2009.
=880  1\$6700-05$a石堂藍,$d1960-
=880  1\$6700-06$a東雅夫,$d1958-$t日本幻想作家名鑑.
=CAT  \\$a11693$b40$c20100729$lBLL01$h1404
=CAT  \\$aBATCH-UPD$b40$c20100729$lBLL01$h1405
=CAT  \\$aWR12170$c20121116$lBLL01$h1703
=CAT  \\$aBATCH-UPD$b00$c20181028$lBLL01$h2049
=FMT  \\$a  BK
=LAS  \\$aBATCH-UPD$b00$c20181028$lBLL01$h2049
=SID  \\$aZ39$bOCLC
=STA  \\$aSUPPRESSED$bPreliminary Record

