=LDR  01885 am a2200493 a 4500
=001  015613767
=003  Uk
=005  20120920104847.0
=008  091026s2009\\\\ja\a\\\\\\\\\\001\0bjpn\d
=020  \\$a9784841905281
=020  \\$a4841905286
=035  \\$a(OCoLC)460049605
=040  \\$aUk$beng$cUk
=042  \\$aukblsr
=043  \\$ae-uk---$aa-ja---
=084  \\$a289.3$2njb/9
=100  1\$6880-01$aKusuya, Shigetoshi,$d1952-
=245  10$6880-02$aĀnesuto Satou no dokusho nōto :$bIgirisu gaikōkan no mita Meiji Ishin no butaiura /$cKusuya Shigetoshi cho.
=250  \\$6880-03$aShohan.
=260  \\$6880-04$aTōkyō :$bYūshōdō Shuppan,$c2009.
=300  \\$av, 411 p. :$bill. ;$c22 cm.
=336  \\$atext$2rdacontent
=337  \\$aunmediated$2rdamedia
=338  \\$avolume$2rdacarrier
=500  \\$aIncludes indexes.
=600  10$aSatow, Ernest Mason,$cSir,$d1843-1929.
=650  \0$aDiplomats$zGreat Britain$vBiography.
=651  \0$aJapan$xHistory$yRestoration, 1853-1870.
=651  \0$aJapan$xForeign relations$y1600-1868.
=852  41$aBritish Library$bOC$jYP.2010.a.6305
=856  4\$uhttp://www.bk1.jp/trcno/09055747/?partnerid=oclc&siteid=oclc$zJapanese record available for display
=880  1\$6100-01$a楠家重敏,$d1952-
=880  10$6245-02$aアーネスト・サトウの読書ノート :$bイギリス外交官の見た明治維新の舞台裏 /$c楠家重敏著.
=880  \\$6250-03$a初版.
=880  \\$6260-04$a東京 :$b雄松堂出版,$c2009.
=CAT  \\$a11693$b40$c20100729$lBLL01$h1427
=CAT  \\$aBATCH-UPD$b40$c20100729$lBLL01$h1427
=CAT  \\$a10969$b40$c20120920$lBLL01$h1048
=CAT  \\$aWR12170$c20121116$lBLL01$h1703
=CAT  \\$aBATCH-UPD$b00$c20180512$lBLL01$h1724
=FMT  \\$a  BK
=LAS  \\$aBATCH-UPD$b00$c20180512$lBLL01$h1724
=SID  \\$aZ39$bOCLC
=STA  \\$aSUPPRESSED$bPreliminary Record

