=LDR  01957 am a2200541 a 4500
=001  015613789
=003  Uk
=005  20100729143801.0
=008  090803s2009\\\\ja\a\\\\\b\\\\000\0\jpn\d
=020  \\$a9784946525971
=020  \\$a4946525971
=035  \\$a(OCoLC)429021953
=040  \\$aUk$beng$cUk
=042  \\$aukblsr
=043  \\$aa-ja---
=050  \4$aGT2853.J3$bM38 2009
=082  04$a394.1/20952$222
=084  \\$a383.81$2njb/9
=100  1\$6880-01$aMatsushita, Sachiko,$d1925-
=245  10$6880-02$aNishikie ga kataru Edo no shoku /$cMatsushita Sachiko cho.
=260  \\$6880-03$aTōkyō :$bYūshikan,$c2009.
=300  \\$a119 p. :$bill. (some col.) ;$c27 cm.
=336  \\$atext$2rdacontent
=337  \\$aunmediated$2rdamedia
=338  \\$avolume$2rdacarrier
=504  \\$aIncludes bibliographical references (p. 118).
=650  \0$aFood habits$zJapan$xHistory.
=650  \0$aColor prints, Japanese$yEdo period, 1600-1868.
=650  \0$aUkiyoe.
=650  07$6880-04$aShokuseikatsu-Rekishi.$2jlabsh/4
=650  07$6880-05$aNihon-Rekishi-Edo jidai.$2jlabsh/4
=650  07$6880-06$aUkiyoe.$2jlabsh/4
=651  \0$aJapan$xSocial life and customs$y1600-1868.
=852  41$aBritish Library$bOC$jYP.2010.b.793
=856  4\$uhttp://www.bk1.jp/trcno/09040863/?partnerid=oclc&siteid=oclc$zJapanese record available for display
=880  1\$6100-01$a松下幸子,$d1925-
=880  10$6245-02$a錦絵が語る江戶の食 /$c松下幸子著.
=880  \\$6260-03$a東京 :$b遊子館,$c2009.
=880  07$6650-04$a食生活-歴史.$2jlabsh/4
=880  07$6650-05$a日本-歴史-江戶時代.$2jlabsh/4
=880  07$6650-06$a浮世絵.$2jlabsh/4
=CAT  \\$a11693$b40$c20100729$lBLL01$h1438
=CAT  \\$aBATCH-UPD$b40$c20100729$lBLL01$h1438
=CAT  \\$aWR12170$c20121116$lBLL01$h1703
=FMT  \\$a  BK
=LAS  \\$aWR12170$b00$c20121116$lBLL01$h1703
=SID  \\$aZ39$bOCLC
=STA  \\$aSUPPRESSED$bPreliminary Record

