=LDR  02097cam a2200553 a 4500
=001  015613802
=003  Uk
=005  20100729144435.0
=008  090716s2009\\\\ja\a\\\\\b\\\\001\0\jpn\\
=FMT  \\$a  BK
=010  \\$a2009434834
=020  \\$a9784585032182
=020  \\$a4585032185
=035  \\$a(OCoLC)326571253
=040  \\$aUk$beng$cUk
=042  \\$aukblsr
=043  \\$aa-ja---
=050  00$aZ126$b.K38 2009
=084  \\$a022.7$2njb/9
=245  00$6880-01$aKatsuji insatsu no bunkashi :$bKirishitan-ban kokatsujiban kara shin jōyō kanjihyō made /$cChō Shūmin ... [et al.].
=250  \\$6880-02$aShohan.
=260  \\$6880-03$aTōkyō :$bBensei Shuppan,$cHeisei 21 [2009]
=300  \\$a509 p. :$bill. ;$c27 cm.
=336  \\$atext$2rdacontent
=337  \\$aunmediated$2rdamedia
=338  \\$avolume$2rdacarrier
=504  \\$aIncludes bibliographical references and indexes.
=650  \0$aPrinting$xHistory.
=650  \0$aPrinting$zJapan$xHistory.
=650  \0$aType and type-founding$zJapan$xHistory.
=650  07$6880-04$aInsatsu-Rekishi.$2jlabsh/4
=650  07$6880-05$aKatsuji-Rekishi.$2jlabsh/4
=700  1\$6880-06$aZhang, Xiumin,$d1908-2006
=856  4\$uhttp://www.bk1.jp/trcno/09027005/?partnerid=oclc&siteid=oclc$zJapanese record available for display
=880  00$6245-01$a活字印刷の文化史 :$bきりしたん版・古活字版から新常用漢字表まで /$c張秀民 ... [et al.].
=880  \\$6250-02$a初版.
=880  \\$6260-03$a東京 :$b勉誠出版,$c平成21 [2009]
=880  07$6650-04$a印刷-歴史.$2jlabsh/4
=880  07$6650-05$a活字-歴史.$2jlabsh/4
=880  1\$6700-06$a張秀民,$d1908-
=852  41$aBritish Library$bOC$jYP.2010.a.6038
=CAT  \\$a11693$b40$c20100729$lBLL01$h1444
=CAT  \\$aBATCH-UPD$b40$c20100729$lBLL01$h1445
=CAT  \\$aBATCH-UPD$b40$c20100812$lBLL01$h2141
=CAT  \\$aWR12170$c20121116$lBLL01$h1703
=CAT  \\$aBATCH-UPD$b00$c20230101$lBLL01$h0806
=SID  \\$aZ39$bOCLC
=STA  \\$aSUPPRESSED$bPreliminary Record
=LAS  \\$aBATCH-UPD$b00$c20230101$lBLL01$h0806

