=LDR  02284 am a2200553 a 4500
=001  015613808
=003  Uk
=005  20100729144741.0
=008  100125s2010\\\\ja\\\\\\\b\\\\001\0\jpn\c
=020  \\$a9784816922305 (acid-free paper)
=020  \\$a481692230X (acid-free paper)
=035  \\$a(OCoLC)501750891
=040  \\$aUk$beng$cUk
=042  \\$aukblsr
=042  \\$apcc
=043  \\$aa-ja---
=050  \4$aPL737.8$b.F87 2010
=084  \\$a778.8$2njb/9
=100  1\$6880-01$aFurusaki, Yasunari,$d1966-
=245  10$6880-02$aTerebi dorama gensaku jiten =$bOriginal works of Japanese television dramas /$cFurusaki Yasunari, Nichigai Asoshiētsu kyōhen.
=246  31$aOriginal works of Japanese television dramas
=260  \\$6880-03$aTōkyō :$bNichigai Asoshiētsu :$bHatsubaimoto Kinokuniya Shoten,$c2010.
=300  \\$a8, 991 p. ;$c21 cm.
=336  \\$atext$2rdacontent
=337  \\$aunmediated$2rdamedia
=338  \\$avolume$2rdacarrier
=504  \\$aIncludes bibliographical references (p. [4] (1st group)) and indexes.
=546  \\$aJapanese.
=650  \0$aTelevision plays$zJapan.
=650  07$6880-04$aTerebi dorama-Mokuroku.$2jlabsh/4
=650  07$6880-05$aNihon bungaku-Shoshi.$2jlabsh/4
=650  \0$aTelevision plays, Japanese$vBibliography.
=710  2\$6880-06$aNichigai Asoshiētsu.
=852  41$aBritish Library$bOC$jYP.2010.a.6304
=856  4\$uhttp://www.bk1.jp/trcno/10003904/?partnerid=oclc&siteid=oclc$zJapanese record available for display
=880  1\$6100-01$a古崎康成,$d1966-
=880  10$6245-02$aテレビドラマ原作事典 =$bOriginal works of Japanese television dramas /$c古崎康成, 日外アソシエーツ共編.
=880  \\$6260-03$a東京 :$b日外アソシエーツ :$b発売元紀伊國屋書店,$c2010.
=880  07$6650-04$aテレビドラマ-目錄.$2jlabsh/4
=880  07$6650-05$a日本文学-書誌.$2jlabsh/4
=880  2\$6710-06$a日外アソシエーツ.
=CAT  \\$a11693$b40$c20100729$lBLL01$h1446
=CAT  \\$a11693$b40$c20100729$lBLL01$h1447
=CAT  \\$aWR12170$c20121116$lBLL01$h1703
=CAT  \\$aBATCH-UPD$b00$c20150926$lBLL01$h1713
=FMT  \\$a  BK
=LAS  \\$aBATCH-UPD$b00$c20150926$lBLL01$h1713
=SID  \\$aZ39$bOCLC
=STA  \\$aSUPPRESSED$bPreliminary Record

