=LDR  01828cam a2200457 a 4500
=001  015637091
=003  Uk
=005  20100826145743.0
=008  100621s2010\\\\ja\\\\\\\\\\\\000\0\jpn\d
=FMT  \\$a  BK
=020  \\$a9784766417456
=020  \\$a4766417453
=035  \\$a(OCoLC)642816221
=040  \\$aTRCLS$cTRCLS$dOCLCQ
=084  \\$a361.7$2njb/9
=100  1\$6880-01$aFujita, Hirō.
=245  10$6880-02$aHigashiajia ni okeru kōkyōsei no hen'yō /$cFujita Hirō.
=260  \\$6880-03$aTōkyō :$bKeiō Gijuku Daigaku Shuppankai,$c2010.
=300  \\$a413 p. ;$c22 cm.
=336  \\$atext$2rdacontent
=337  \\$aunmediated$2rdamedia
=338  \\$avolume$2rdacarrier
=490  1\$6880-04$aKeiō gijuku daigaku higashiajia kenkyūjo sōsho
=650  07$6880-05$aChiiki shakai.$2jlabsh/4
=650  07$6880-06$aAjia(Tōbu)-Seiji gyōsei.$2jlabsh/4
=830  \0$6880-07$aKeiō gijuku daigaku higashiajia kenkyūjo sōsho.
=856  4\$uhttp://www.bk1.jp/trcno/10033322/?partnerid=oclc&siteid=oclc$zJapanese record available for display
=880  1\$6100-01$a藤田弘夫.
=880  10$6245-02$a東アジアにおける公共性の変容 /$c藤田弘夫編著.
=880  \\$6260-03$a東京 :$b慶応義塾大学出版会,$c2010.
=880  1\$6490-04$a慶応義塾大学東アジア研究所叢書
=880  07$6650-05$a地域社会.$2jlabsh/4
=880  07$6650-06$aアジア(東部)-政治・行政.$2jlabsh/4
=880  \\$6830-07$a慶応義塾大学東アジア研究所叢書.
=852  41$aBritish Library$bOC$jYP.2010.a.4606
=CAT  \\$a2717$b40$c20100826$lBLL01$h1457
=CAT  \\$aWR12170$c20121116$lBLL01$h1703
=CAT  \\$aW2308-1659$c20230923$lBLL01$h1059
=SID  \\$aZ39$bOCLC
=STA  \\$aSUPPRESSED$bPreliminary Record
=LAS  \\$aW2308-1659$b00$c20230923$lBLL01$h1059

