=LDR  01378 am a2200409 a 4500
=001  015638068
=003  Uk
=005  20100831131542.0
=008  100607s2010\\\\ja\\\\\\\\\\\\000\0\jpn\d
=020  \\$a9784838602452
=020  \\$a4838602456
=035  \\$a(OCoLC)639157640
=040  \\$aUk$beng$cUk
=042  \\$aukblsr
=084  \\$a913.36$2njb/9
=100  1\$6880-01$aTakada, Nobutaka.
=245  10$6880-02$aGenji monogatari kōshōkō /$cTakada Nobutaka.
=260  \\$6880-03$aTōkyō :$bMusashinoshoin,$c2010.
=300  \\$a574 p. ;$c22 cm.
=336  \\$atext$2rdacontent
=337  \\$aunmediated$2rdamedia
=338  \\$avolume$2rdacarrier
=600  14$6880-04$aMurasakishikibu.
=650  07$6880-05$aGenji monogatari.$2jlabsh/4
=852  41$aBritish Library$bOC$jYP.2010.a.6308
=856  4\$uhttp://www.bk1.jp/trcno/10030746/?partnerid=oclc&siteid=oclc$zJapanese record available for display
=880  1\$6100-01$a高田信敬.
=880  10$6245-02$a源氏物語考証稿 /$c高田信敬著.
=880  \\$6260-03$a東京 :$b武蔵野書院,$c2010.
=880  14$6600-04$a紫式部.
=880  07$6650-05$a源氏物語.$2jlabsh/4
=CAT  \\$a11693$b40$c20100831$lBLL01$h1315
=CAT  \\$aWR12170$c20121116$lBLL01$h1703
=FMT  \\$a  BK
=LAS  \\$aWR12170$b00$c20121116$lBLL01$h1703
=SID  \\$aZ39$bOCLC
=STA  \\$aSUPPRESSED$bPreliminary Record

