=LDR  01567 am a2200457 a 4500
=001  015638070
=003  Uk
=005  20100831131728.0
=008  100705s2010\\\\ja\\\\\\\\\\\\000\0\jpn\d
=020  \\$a9784827312331
=020  \\$a4827312338
=035  \\$a(OCoLC)646008728
=040  \\$aUk$beng$cUk
=042  \\$aukblsr
=084  \\$a210.3$2njb/9
=100  1\$6880-01$aEmura, Hiroyuki.
=245  10$6880-02$aIse saigū no saishi to seido /$cEmura Hiroyuki.
=260  \\$6880-03$aTōkyō :$bHanawa Shobō,$c2010.
=300  \\$a273, 14 p. ;$c22 cm.
=336  \\$atext$2rdacontent
=337  \\$aunmediated$2rdamedia
=338  \\$avolume$2rdacarrier
=610  14$6880-06$aIse jingū.
=650  07$6880-04$aNihon-Rekishi-Kodai.$2jlabsh/4
=650  07$6880-05$aSaiō.$2jlabsh/4
=650  07$6880-07$aSaigūato.$2jlabsh/4
=852  41$aBritish Library$bOC$jYP.2010.a.5744
=856  4\$uhttp://www.bk1.jp/trcno/10035619/?partnerid=oclc&siteid=oclc$zJapanese record available for display
=880  1\$6100-01$a榎村寬之.
=880  10$6245-02$a伊勢斎宮の祭祀と制度 /$c榎村寬之著.
=880  \\$6260-03$a東京 :$b塙書房,$c2010.
=880  07$6650-04$a日本-歴史-古代.$2jlabsh/4
=880  07$6650-05$a斎王.$2jlabsh/4
=880  14$6610-06$a伊勢神宮.
=880  07$6650-07$a斎宮跡.$2jlabsh/4
=CAT  \\$a11693$b40$c20100831$lBLL01$h1317
=CAT  \\$aWR12170$c20121116$lBLL01$h1703
=FMT  \\$a  BK
=LAS  \\$aWR12170$b00$c20121116$lBLL01$h1703
=SID  \\$aZ39$bOCLC
=STA  \\$aSUPPRESSED$bPreliminary Record

