=LDR  01675cam a2200457 a 4500
=001  015638075
=003  Uk
=005  20100831132049.0
=008  100830s2010\\\\ja\\\\\\\\\\\\000\0\jpn\d
=FMT  \\$a  BK
=020  \\$a9784642080408
=020  \\$a4642080406
=035  \\$a(OCoLC)659716963
=040  \\$aUk$beng$cUk
=042  \\$aukblsr
=084  \\$a383.81$2njb/9
=100  1\$6880-01$aNakamura, Ikuo.
=245  10$6880-02$aNihonjin no shūkyō to dōbutsukan :$bsesshō to nikujiki /$cNakamura Ikuo.
=260  \\$6880-03$aTōkyō :$bYoshikawakōbunkan,$c2010.
=300  \\$a199 p. ;$c20 cm.
=336  \\$atext$2rdacontent
=337  \\$aunmediated$2rdamedia
=338  \\$avolume$2rdacarrier
=650  07$6880-04$aNikushoku-Rekishi.$2jlabsh/4
=650  07$6880-05$aDōbutsu sūhai.$2jlabsh/4
=650  07$6880-06$aShuryō-Rekishi.$2jlabsh/4
=856  4\$uhttp://www.bk1.jp/trcno/10045261/?partnerid=oclc&siteid=oclc$zJapanese record available for display
=880  1\$6100-01$a中村生雄.
=880  10$6245-02$a日本人の宗教と動物観 :$b殺生と肉食 /$c中村生雄著.
=880  \\$6260-03$a東京 :$b吉川弘文館,$c2010.
=880  07$6650-04$a肉食-歴史.$2jlabsh/4
=880  07$6650-05$a動物崇拝.$2jlabsh/4
=880  07$6650-06$a狩猟-歴史.$2jlabsh/4
=852  41$aBritish Library$bOC$jYP.2010.a.5806
=CAT  \\$a11693$b40$c20100831$lBLL01$h1320
=CAT  \\$aBATCH-UPD$b40$c20100831$lBLL01$h1321
=CAT  \\$aWR12170$c20121116$lBLL01$h1703
=CAT  \\$aBATCH-UPD$b00$c20211213$lBLL01$h2025
=SID  \\$aZ39$bOCLC
=STA  \\$aSUPPRESSED$bPreliminary Record
=LAS  \\$aBATCH-UPD$b00$c20211213$lBLL01$h2025

