=LDR  01666 am a2200457 a 4500
=001  015638078
=003  Uk
=005  20100831132217.0
=008  100823s2010\\\\ja\\\\\\\\\\\\000\0\jpn\d
=020  \\$a9784642037969
=020  \\$a4642037969
=035  \\$a(OCoLC)657602454
=040  \\$aUk$beng$cUk
=042  \\$aukblsr
=084  \\$a367.21$2njb/9
=100  1\$6880-01$aKimura, Ryōko,$d1961-
=245  10$6880-02$aShufu no tanjō :$bfujin zasshi to joseitachi no kindai /$cKimura Ryōko.
=260  \\$6880-03$aTōkyō :$bYoshikawakōbunkan,$c2010.
=300  \\$a316 p. ;$c22 cm.
=336  \\$atext$2rdacontent
=337  \\$aunmediated$2rdamedia
=338  \\$avolume$2rdacarrier
=650  07$6880-04$aJosei-Rekishi.$2jlabsh/4
=650  07$6880-05$aJosei zasshi-Rekishi.$2jlabsh/4
=650  07$6880-06$aShufu.$2jlabsh/4
=852  41$aBritish Library$bOC$jYP.2010.a.5752
=856  4\$uhttp://www.bk1.jp/trcno/10043735/?partnerid=oclc&siteid=oclc$zJapanese record available for display
=880  1\$6100-01$a木村涼子,$d1961-
=880  10$6245-02$a<主婦>の誕生 :$b婦人雑誌と女性たちの近代 /$c木村涼子著.
=880  \\$6260-03$a東京 :$b吉川弘文館,$c2010.
=880  \\$6500-00$a文献:p292-316
=880  07$6650-04$a女性-歴史.$2jlabsh/4
=880  07$6650-05$a女性雑誌-歴史.$2jlabsh/4
=880  07$6650-06$a主婦.$2jlabsh/4
=CAT  \\$a11693$b40$c20100831$lBLL01$h1322
=CAT  \\$aBATCH-UPD$b40$c20100831$lBLL01$h1322
=CAT  \\$aWR12170$c20121116$lBLL01$h1703
=FMT  \\$a  BK
=LAS  \\$aWR12170$b00$c20121116$lBLL01$h1703
=SID  \\$aZ39$bOCLC
=STA  \\$aSUPPRESSED$bPreliminary Record

