=LDR  01677 am a2200469 a 4500
=001  015638079
=003  Uk
=005  20100831132335.0
=008  100830s2010\\\\ja\\\\\\\\\\\\000\0\jpn\d
=020  \\$a9784642057035
=020  \\$a464205703X
=035  \\$a(OCoLC)659711917
=040  \\$aUk$beng$cUk
=042  \\$aukblsr
=084  \\$a210.023$2njb/9
=100  1\$6880-01$aKobayashi, Toshio.
=245  10$6880-02$aNihon kokugō no rekishi /$cKobayashi Toshio.
=260  \\$6880-03$aTōkyō :$bYoshikawakōbunkan,$c2010.
=300  \\$a218 p. ;$c19 cm.
=336  \\$atext$2rdacontent
=337  \\$aunmediated$2rdamedia
=338  \\$avolume$2rdacarrier
=490  1\$6880-04$aRekishi bunka raiburarī ;$v303
=650  07$6880-05$aKokugō.$2jlabsh/4
=830  \0$6880-96$aRekishi bunka raiburarī$v303.
=852  41$aBritish Library$bOC$jYP.2010.a.5807
=856  4\$uhttp://www.bk1.jp/trcno/10044118/?partnerid=oclc&siteid=oclc$zJapanese record available for display
=880  1\$6100-01$a小林敏男.
=880  10$6245-02$a日本国号の歴史 /$c小林敏男著.
=880  \\$6260-03$a東京 :$b吉川弘文館,$c2010.
=880  1\$6490-04$a歴史文化ライブラリー ;$v303
=880  \\$6500-00$a文献:p210-218
=880  07$6650-05$a国号.$2jlabsh/4
=880  \\$6830-96$a歴史文化ライブラリー ;$v303.
=CAT  \\$a11693$b40$c20100831$lBLL01$h1323
=CAT  \\$aBATCH-UPD$b40$c20121013$lBLL01$h1813
=CAT  \\$aWR12170$c20121116$lBLL01$h1703
=CAT  \\$aBATCH-UPD$b00$c20190705$lBLL01$h2035
=FMT  \\$a  BK
=LAS  \\$aBATCH-UPD$b00$c20190705$lBLL01$h2035
=SID  \\$aZ39$bOCLC
=STA  \\$aSUPPRESSED$bPreliminary Record

