=LDR  01719cam a2200457 a 4500
=001  015638083
=003  Uk
=005  20100831132510.0
=008  100726s2010\\\\ja\\\\\\\\\\\\000\0\jpn\d
=FMT  \\$a  BK
=020  \\$a9784790714880
=020  \\$a4790714888
=035  \\$a(OCoLC)650206179
=040  \\$aUk$beng$cUk
=042  \\$aukblsr
=084  \\$a210.36$2njb/9
=245  00$6880-01$aŌchō bunka o manabu hito no tame ni /$cAkizawa Wataru;Kawamura Yūko.
=260  \\$6880-02$aKyōto :$bSekaishisōsha,$c2010.
=300  \\$a278 p. ;$c19 cm.
=336  \\$atext$2rdacontent
=337  \\$aunmediated$2rdamedia
=338  \\$avolume$2rdacarrier
=650  07$6880-03$aNihon-Rekishi-Heian jidai.$2jlabsh/4
=650  07$6880-04$aNihon bungaku-Rekishi-Heian jidai.$2jlabsh/4
=700  1\$6880-05$aAkizawa, Wataru.
=700  1\$6880-06$aKawamura, Yūko.
=856  4\$uhttp://www.bk1.jp/trcno/10038822/?partnerid=oclc&siteid=oclc$zJapanese record available for display
=880  00$6245-01$a王朝文化を学ぶ人のために /$c秋沢亙;川村裕子編.
=880  \\$6260-02$a京都 :$b世界思想社,$c2010.
=880  \\$6500-00$a王朝文化参考文献目錄渡辺開紀編:p248-266
=880  07$6650-03$a日本-歴史-平安時代.$2jlabsh/4
=880  07$6650-04$a日本文学-歴史-平安時代.$2jlabsh/4
=880  1\$6700-05$a秋沢亙.
=880  1\$6700-06$a川村裕子.
=852  41$aBritish Library$bOC$jYP.2011.a.139
=CAT  \\$a11693$b40$c20100831$lBLL01$h1325
=CAT  \\$aWR12170$c20121116$lBLL01$h1703
=CAT  \\$aBATCH-UPD$b00$c20230504$lBLL01$h1709
=SID  \\$aZ39$bOCLC
=STA  \\$aSUPPRESSED$bPreliminary Record
=LAS  \\$aBATCH-UPD$b00$c20230504$lBLL01$h1709

