=LDR  01468cam a2200409 a 4500
=001  015638084
=003  Uk
=005  20100831132645.0
=008  100719s2010\\\\ja\\\\\\\\\\\\000\0\jpn\d
=FMT  \\$a  BK
=020  \\$a9784877373016
=020  \\$a4877373012
=035  \\$a(OCoLC)648926542
=040  \\$aUk$beng$cUk
=042  \\$aukblsr
=084  \\$a910.268$2njb/9
=100  1\$6880-01$aTerasawa, Hiroki.
=245  10$6880-02$aMushanokōji saneatsu no kenkyū :$bbi to shūkyō no yōshiki /$cTerasawa Hiroki.
=260  \\$6880-03$aTōkyō :$bKanrinshobō,$c2010.
=300  \\$a398 p. ;$c22 cm.
=336  \\$atext$2rdacontent
=337  \\$aunmediated$2rdamedia
=338  \\$avolume$2rdacarrier
=600  14$6880-04$aMushanokōji, Saneatsu.
=856  4\$uhttp://www.bk1.jp/trcno/10038433/?partnerid=oclc&siteid=oclc$zJapanese record available for display
=880  1\$6100-01$a寺沢浩樹.
=880  10$6245-02$a武者小路実篤の研究 :$b美と宗教の様式 /$c寺沢浩樹著.
=880  \\$6260-03$a東京 :$b翰林書房,$c2010.
=880  14$6600-04$a武者小路実篤.
=852  41$aBritish Library$bOC$jYP.2010.a.5753
=CAT  \\$a11693$b40$c20100831$lBLL01$h1326
=CAT  \\$aBATCH-UPD$b40$c20110116$lBLL01$h2051
=CAT  \\$aWR12170$c20121116$lBLL01$h1703
=CAT  \\$aBATCH-UPD$b00$c20230504$lBLL01$h1709
=SID  \\$aZ39$bOCLC
=STA  \\$aSUPPRESSED$bPreliminary Record
=LAS  \\$aBATCH-UPD$b00$c20230504$lBLL01$h1709

