=LDR  02482cam a2200625 a 4500
=001  015638087
=003  Uk
=005  20100831132851.0
=008  100726s2010\\\\ja\\\\\\\\\\\\000\0\jpn\d
=FMT  \\$a  BK
=020  \\$a9784750332215
=020  \\$a4750332216
=035  \\$a(OCoLC)650213620
=040  \\$aUk$beng$cUk
=042  \\$aukblsr
=084  \\$a316.81$2njb/9
=245  00$6880-01$aTeikoku nihon no saihen to futatsu no zainichi :$bsenzen sengo ni okeru zainichi chōsenjin to okinawajin /$cKin Kōretsu;Boku Shin'u;In Meishuku;Nin Jōbo;Kyo Kōmo;Boku Tōsei;Kin Kōkō;Kō Kenrai;Yamamoto Kōshō.
=260  \\$6880-02$aTōkyō :$bAkashishoten,$c2010.
=300  \\$a278 p. ;$c22 cm.
=336  \\$atext$2rdacontent
=337  \\$aunmediated$2rdamedia
=338  \\$avolume$2rdacarrier
=650  07$6880-03$aChōsenjin(Nihon zairyū)-Rekishi.$2jlabsh/4
=650  07$6880-04$aOkinawaken-Rekishi.$2jlabsh/4
=700  1\$6880-05$aKimu, Goannyoru.
=700  1\$6880-06$aPaku, Jin'u.
=700  1\$6880-07$aYun, Myonsuku.
=700  1\$6880-08$aImu, Sonmo.
=700  1\$6880-09$aHo, Guanmu.
=700  1\$6880-10$aPaku, Tonson.
=700  1\$6880-11$aKimu, Kyonho.
=700  1\$6880-12$aKō, Kenrai.
=700  1\$6880-13$aYamamoto, Kōshō.
=856  4\$uhttp://www.bk1.jp/trcno/10039839/?partnerid=oclc&siteid=oclc$zJapanese record available for display
=880  00$6245-01$a帝国日本の再編と二つの「在日」 :$b戦前、戦後における在日朝鮮人と沖縄人 /$c金広烈;朴晋雨;尹明淑;任城模;許光茂著;朴東誠監訳;金耿昊;高賢来;山本興正訳.
=880  \\$6260-02$a東京 :$b明石書店,$c2010.
=880  07$6650-03$a朝鮮人(日本在留)-歴史.$2jlabsh/4
=880  07$6650-04$a沖縄県-歴史.$2jlabsh/4
=880  1\$6700-05$a金広烈.
=880  1\$6700-06$a朴晋雨.
=880  1\$6700-07$a尹明淑.
=880  1\$6700-08$a任城模.
=880  1\$6700-09$a許光茂.
=880  1\$6700-10$a朴東誠.
=880  1\$6700-11$a金耿昊.
=880  1\$6700-12$a高賢来.
=880  1\$6700-13$a山本興正.
=852  41$aBritish Library$bOC$jYP.2010.a.6277
=CAT  \\$a11693$b40$c20100831$lBLL01$h1328
=CAT  \\$aWR12170$c20121116$lBLL01$h1703
=CAT  \\$aBATCH-UPD$b00$c20141219$lBLL01$h0409
=CAT  \\$aBATCH-UPD$b00$c20230504$lBLL01$h1709
=SID  \\$aZ39$bOCLC
=STA  \\$aSUPPRESSED$bPreliminary Record
=LAS  \\$aBATCH-UPD$b00$c20230504$lBLL01$h1709

