=LDR  01732 am a2200481 a 4500
=001  015638092
=003  Uk
=005  20100831133212.0
=008  100802s2010\\\\ja\\\\\\\\\\\\000\0\jpn\d
=020  \\$a9784757605619
=020  \\$a4757605617
=035  \\$a(OCoLC)651900859
=040  \\$aUk$beng$cUk
=042  \\$aukblsr
=084  \\$a811$2njb/9
=100  1\$6880-01$aEndō, Kunimoto.
=245  10$6880-02$aKokugo hyōkishi to kaishaku on'inron /$cEndō Kunimoto.
=260  \\$6880-03$aOosaka :$bIzumishoin,$c2010.
=300  \\$a409 p. ;$c22 cm.
=336  \\$atext$2rdacontent
=337  \\$aunmediated$2rdamedia
=338  \\$avolume$2rdacarrier
=490  1\$6880-04$aKenkyū sōsho ;$v406
=650  07$6880-05$aNihongo-Hyōkihō-Rekishi.$2jlabsh/4
=650  07$6880-06$aNihongo-On'in-Rekishi.$2jlabsh/4
=650  07$6880-07$aGengo yūgi.$2jlabsh/4
=830  \0$6880-96$aKenkyū sōsho ;$v406.
=852  41$aBritish Library$bOC$jYP.2010.a.6243
=856  4\$uhttp://www.bk1.jp/trcno/10040806/?partnerid=oclc&siteid=oclc$zJapanese record available for display
=880  1\$6100-01$a遠藤邦基.
=880  10$6245-02$a国語表記史と解釈音韻論 /$c遠藤邦基著.
=880  \\$6260-03$a大阪 :$b和泉書院,$c2010.
=880  1\$6490-04$a研究叢書 ;$v406
=880  07$6650-05$a日本語-表記法-歴史.$2jlabsh/4
=880  07$6650-06$a日本語-音韻-歴史.$2jlabsh/4
=880  07$6650-07$a言語遊戯.$2jlabsh/4
=880  \\$6830-96$a研究叢書 ;$v406.
=CAT  \\$a11693$b40$c20100831$lBLL01$h1332
=CAT  \\$aWR12170$c20121116$lBLL01$h1703
=FMT  \\$a  BK
=LAS  \\$aWR12170$b00$c20121116$lBLL01$h1703
=SID  \\$aZ39$bOCLC
=STA  \\$aSUPPRESSED$bPreliminary Record

