=LDR  01267 am a2200385 a 4500
=001  015638101
=003  Uk
=005  20100831133657.0
=008  100412s2010\\\\ja\\\\\\\\\\\\000\0\jpn\d
=020  \\$a9784305705020
=020  \\$a4305705028
=035  \\$a(OCoLC)606740950
=040  \\$aUk$beng$cUk
=042  \\$aukblsr
=084  \\$a773$2njb/9
=100  1\$6880-01$aKanda, Yūko.
=245  10$6880-02$aNō to kochūshakusho /$cKanda Yūko.
=260  \\$6880-03$aTōkyō :$bKasamashoin,$c2010.
=300  \\$a306, 13 p. ;$c22 cm.
=336  \\$atext$2rdacontent
=337  \\$aunmediated$2rdamedia
=338  \\$avolume$2rdacarrier
=650  07$6880-04$aNōgaku.$2jlabsh/4
=852  41$aBritish Library$bOC$jYP.2010.a.6082
=856  4\$uhttp://www.bk1.jp/trcno/10019610/?partnerid=oclc&siteid=oclc$zJapanese record available for display
=880  1\$6100-01$a神田裕子.
=880  10$6245-02$a能と古注釈書 /$c神田裕子著.
=880  \\$6260-03$a東京 :$b笠間書院,$c2010.
=880  07$6650-04$a能楽.$2jlabsh/4
=CAT  \\$a11693$b40$c20100831$lBLL01$h1336
=CAT  \\$aWR12170$c20121116$lBLL01$h1703
=FMT  \\$a  BK
=LAS  \\$aWR12170$b00$c20121116$lBLL01$h1703
=SID  \\$aZ39$bOCLC
=STA  \\$aSUPPRESSED$bPreliminary Record

