=LDR  01571 am a2200433 a 4500
=001  015638103
=003  Uk
=005  20100831133825.0
=008  100517s2010\\\\ja\\\\\\\\\\\\000\0\jpn\d
=020  \\$a9784872946130
=020  \\$a4872946138
=035  \\$a(OCoLC)618454118
=040  \\$aUk$beng$cUk
=042  \\$aukblsr
=084  \\$a386.81$2njb/9
=100  1\$6880-01$aUeki, Yukinobu.
=245  10$6880-02$aFuryūodori to sono tenkai /$cUeki Yukinobu.
=260  \\$6880-03$aTōkyō :$bIwatashoin,$c2010.
=300  \\$a487 p. ;$c22 cm.
=336  \\$atext$2rdacontent
=337  \\$aunmediated$2rdamedia
=338  \\$avolume$2rdacarrier
=490  1\$6880-04$aUeki yukinobu geinō bunkashi ronshū ;$v3
=650  07$6880-05$aKyōdo geinō-Rekishi.$2jlabsh/4
=830  \0$6880-96$aUeki yukinobu geinō bunkashi ronshū ;$v3.
=852  41$aBritish Library$bOC$jYP.2010.a.6276
=856  4\$uhttp://www.bk1.jp/trcno/10026650/?partnerid=oclc&siteid=oclc$zJapanese record available for display
=880  1\$6100-01$a植木行宣.
=880  10$6245-02$a風流踊とその展開 /$c植木行宣著.
=880  \\$6260-03$a東京 :$b岩田書院,$c2010.
=880  1\$6490-04$a植木行宣芸能文化史論集 ;$v3
=880  07$6650-05$a鄉土芸能-歴史.$2jlabsh/4
=880  \\$6830-96$a植木行宣芸能文化史論集 ;$v3.
=CAT  \\$a11693$b40$c20100831$lBLL01$h1338
=CAT  \\$aWR12170$c20121116$lBLL01$h1703
=FMT  \\$a  BK
=LAS  \\$aWR12170$b00$c20121116$lBLL01$h1703
=SID  \\$aZ39$bOCLC
=STA  \\$aSUPPRESSED$bPreliminary Record

