=LDR  01394 am a2200397 a 4500
=001  015638105
=003  Uk
=005  20100831133925.0
=008  100614s2010\\\\ja\\\\\\\\\\\\000\0\jpn\d
=020  \\$a9784840620482
=020  \\$a4840620482
=035  \\$a(OCoLC)641461154
=040  \\$aUk$beng$cUk
=042  \\$aukblsr
=084  \\$a210.48$2njb/9
=100  1\$6880-01$aFujita, Tatsuo.
=245  10$6880-02$aShōgen honnōji no hen :$bshiryō de yomu sengokushi /$cFujita Tatsuo.
=260  \\$6880-03$aTōkyō :$bYagishoten,$c2010.
=300  \\$a330 p. ;$c22 cm.
=336  \\$atext$2rdacontent
=337  \\$aunmediated$2rdamedia
=338  \\$avolume$2rdacarrier
=650  07$6880-04$aHonnōji no hen.$2jlabsh/4
=852  41$aBritish Library$bOC$jYP.2010.a.5751
=856  4\$uhttp://www.bk1.jp/trcno/10031292/?partnerid=oclc&siteid=oclc$zJapanese record available for display
=880  1\$6100-01$a藤田達生.
=880  10$6245-02$a証言本能寺の変 :$b史料で読む戦国史 /$c藤田達生著.
=880  \\$6260-03$a東京 :$b八木書店,$c2010.
=880  \\$6500-00$a文献:p320-327
=880  07$6650-04$a本能寺の変(1582).$2jlabsh/4
=CAT  \\$a11693$b40$c20100831$lBLL01$h1339
=CAT  \\$aWR12170$c20121116$lBLL01$h1703
=FMT  \\$a  BK
=LAS  \\$aWR12170$b00$c20121116$lBLL01$h1703
=SID  \\$aZ39$bOCLC
=STA  \\$aSUPPRESSED$bPreliminary Record

