=LDR  01675cam a2200457 a 4500
=001  015638155
=003  Uk
=005  20100831141942.0
=008  100405s2010\\\\ja\\\\\\\\\\\\000\0\jpn\d
=FMT  \\$a  BK
=020  \\$a9784872946031
=020  \\$a4872946030
=035  \\$a(OCoLC)601047370
=040  \\$aUk$beng$cUk
=042  \\$aukblsr
=084  \\$a768.8$2njb/9
=245  00$6880-01$aGionbayashi no genryū :$bfūryū hayashimono kakko chigomai shagiri /$cUeki Yukinobu;Tai Ryūichi.
=260  \\$6880-02$aTōkyō :$bIwata Shoin,$c2010.
=300  \\$a588 p. ;$c22 cm.
=336  \\$atext$2rdacontent
=337  \\$aunmediated$2rdamedia
=338  \\$avolume$2rdacarrier
=650  07$6880-03$aHayashi.$2jlabsh/4
=650  07$6880-04$aMatsuri-Kyōtoshi.$2jlabsh/4
=700  1\$6880-05$aUeki, Yukinobu.
=700  1\$6880-06$aTai, Ryūichi.
=856  4\$uhttp://www.bk1.jp/trcno/10018847/?partnerid=oclc&siteid=oclc$zJapanese record available for display
=880  00$6245-01$a祇園囃子の源流 :$b風流拍子物・羯鼓稚児舞・シャギリ /$c植木行宣;田井竜一編.
=880  \\$6260-02$a東京 :$b岩田書院,$c2010.
=880  \\$6500-00$a文献:p547-585
=880  07$6650-03$a囃子.$2jlabsh/4
=880  07$6650-04$a祭り-京都市.$2jlabsh/4
=880  1\$6700-05$a植木行宣.
=880  1\$6700-06$a田井竜一.
=852  41$aBritish Library$bOC$jYP.2010.a.6303
=CAT  \\$a11693$b40$c20100831$lBLL01$h1419
=CAT  \\$aWR12170$c20121116$lBLL01$h1703
=CAT  \\$aBATCH-UPD$b00$c20230504$lBLL01$h1709
=SID  \\$aZ39$bOCLC
=STA  \\$aSUPPRESSED$bPreliminary Record
=LAS  \\$aBATCH-UPD$b00$c20230504$lBLL01$h1709

