=LDR  01662 am a2200469 a 4500
=001  015638157
=003  Uk
=005  20100831142037.0
=008  100426s2010\\\\ja\a\\\\\b\\\\001\0\jpn\c
=020  \\$a9784921145415
=020  \\$a4921145415
=035  \\$a(OCoLC)609538372
=040  \\$aUk$beng$cUk
=042  \\$aukblsr
=042  \\$apcc
=043  \\$aa-ja---
=050  \4$aN8193$b.N339 2010
=084  \\$a702.098$2njb/9
=100  1\$6880-01$aNaitō, Sakae,$d1960-
=245  10$6880-02$aShari shōgon bijutsu no kenkyū /$cNaitō Sakae cho.
=260  \\$6880-03$aTōkyō :$bSeishi Shuppan,$c2010.
=300  \\$a15, 335, 10 p. ;$c22 cm.
=336  \\$atext$2rdacontent
=337  \\$aunmediated$2rdamedia
=338  \\$avolume$2rdacarrier
=500  \\$aBased on the author's thesis (doctoral)--Tsukuba Daigaku, 2006.
=504  \\$aIncludes bibliographical references (p. 329-335 (2nd group)) and index.
=650  07$6880-04$aBukkyō bijutsu.$2jlabsh/4
=650  \0$aBuddhist art$zJapan.
=852  41$aBritish Library$bOC$jYP.2010.a.5742
=856  4\$uhttp://www.bk1.jp/trcno/10023695/?partnerid=oclc&siteid=oclc$zJapanese record available for display
=880  1\$6100-01$a内藤栄,$d1960-
=880  10$6245-02$a舎利荘厳美術の研究 /$c内藤栄著.
=880  \\$6260-03$a東京 :$b青史出版,$c2010.
=880  07$6650-04$a仏教美術.$2jlabsh/4
=CAT  \\$a11693$b40$c20100831$lBLL01$h1420
=CAT  \\$aBATCH-UPD$b40$c20100831$lBLL01$h1421
=CAT  \\$aWR12170$c20121116$lBLL01$h1703
=FMT  \\$a  BK
=LAS  \\$aWR12170$b00$c20121116$lBLL01$h1703
=SID  \\$aZ39$bOCLC
=STA  \\$aSUPPRESSED$bPreliminary Record

