=LDR  01895 am a2200481 a 4500
=001  015638161
=003  Uk
=005  20101117154400.0
=008  100802s2010\\\\ja\\\\\\\\\\\\000\0\jpn\d
=020  \\$a9784816922688
=020  \\$a4816922687
=035  \\$a(OCoLC)651893787
=040  \\$aUk$beng$cUk
=042  \\$aukblsr
=084  \\$a778.77$2njb/9
=245  00$6880-01$aAnime sakuhin jiten :$bkaisetsu gensaku dētatsuki /$cSutingurei;Nichigai asoshiētsu kabushiki gaisha.
=246  31$aDictionary of animation works
=260  \\$6880-02$aTōkyō :$bNichigaiasoshiētsu,$c2010.
=300  \\$a1020 p. ;$c21 cm.
=336  \\$atext$2rdacontent
=337  \\$aunmediated$2rdamedia
=338  \\$avolume$2rdacarrier
=650  07$6880-03$aAnimēshon-Mokuroku.$2jlabsh/4
=710  2\$6880-04$aSutingurei.
=710  2\$6880-05$aNichigai Asoshiētsu.
=852  41$aBritish Library$bOC$jYP.2011.a.135
=856  4\$uhttp://www.bk1.jp/trcno/10039057/?partnerid=oclc&siteid=oclc$zJapanese record available for display
=880  00$6245-01$aアニメ作品事典 :$b解說・原作データ付き /$cスティングレイ;日外アソシエーツ株式会社編集.
=880  \\$6260-02$a東京 :$b日外アソシエーツ,$c2010.
=880  \\$6500-00$a欧文タイトル:Dictionary of Animation Works
=880  07$6650-03$aアニメーション-目錄.$2jlabsh/4
=880  2\$6710-04$aスティングレイ.
=880  2\$6710-05$a日外アソシエーツ.
=CAT  \\$a11693$b40$c20100831$lBLL01$h1422
=CAT  \\$a2717$b40$c20101117$lBLL01$h1544
=CAT  \\$aBATCH$b00$c20101118$lBLL01$h1428
=CAT  \\$aBATCH$b00$c20101119$lBLL01$h0819
=CAT  \\$aWR12170$c20121116$lBLL01$h1703
=CAT  \\$aBATCH-UPD$b00$c20150926$lBLL01$h1713
=FMT  \\$a  BK
=LAS  \\$aBATCH-UPD$b00$c20150926$lBLL01$h1713
=SID  \\$aZ39$bOCLC
=STA  \\$aSUPPRESSED$bPreliminary Record

