=LDR  01338cam a2200397 a 4500
=001  015638164
=003  Uk
=005  20100831142319.0
=008  100705s2010\\\\ja\\\\\\\\\\\\000\0\jpn\d
=FMT  \\$a  BK
=020  \\$a9784625434303
=020  \\$a4625434300
=035  \\$a(OCoLC)646007388
=040  \\$aUk$beng$cUk
=042  \\$aukblsr
=084  \\$a810.4$2njb/9
=245  00$6880-01$aNihongo kenkyū no jūnishō /$cUwano Zendō.
=260  \\$6880-02$aTōkyō :$bMeijishoin,$c2010.
=300  \\$a516 p. ;$c21 cm.
=336  \\$atext$2rdacontent
=337  \\$aunmediated$2rdamedia
=338  \\$avolume$2rdacarrier
=650  07$6880-03$aNihongo.$2jlabsh/4
=700  1\$6880-04$aUwano, Zendō.
=856  4\$uhttp://www.bk1.jp/trcno/10035022/?partnerid=oclc&siteid=oclc$zJapanese record available for display
=880  00$6245-01$a日本語研究の12章 /$c上野善道監修.
=880  \\$6260-02$a東京 :$b明治書院,$c2010.
=880  07$6650-03$a日本語.$2jlabsh/4
=880  1\$6700-04$a上野善道.
=852  41$aBritish Library$bOC$jYP.2011.a.141
=CAT  \\$a11693$b40$c20100831$lBLL01$h1423
=CAT  \\$aWR12170$c20121116$lBLL01$h1703
=CAT  \\$aBATCH-UPD$b00$c20230504$lBLL01$h1709
=SID  \\$aZ39$bOCLC
=STA  \\$aSUPPRESSED$bPreliminary Record
=LAS  \\$aBATCH-UPD$b00$c20230504$lBLL01$h1709

