=LDR  01701cam a2200481 a 4500
=001  015638166
=003  Uk
=005  20100831142415.0
=008  100215s2010\\\\ja\\\\\\\\\\\\000\0\jpn\d
=FMT  \\$a  BK
=020  \\$a9784490107760
=020  \\$a4490107765
=035  \\$a(OCoLC)515429739
=040  \\$aUk$beng$cUk
=042  \\$aukblsr
=050  \4$aPL685$b.M67 2010
=082  04$a495.6/313$222
=084  \\$a814.4$2njb/9
=100  1\$6880-01$aMorita, Yoshiyuki,$d1930-
=245  10$6880-02$aNihongo no kan'yō hyōgen jiten /$cMorita Yoshiyuki cho.
=250  \\$6880-03$aShohan.
=260  \\$6880-04$aTōkyō :$bTōkyōdō Shuppan,$c2010.
=300  \\$a362 p. ;$c20 cm.
=336  \\$atext$2rdacontent
=337  \\$aunmediated$2rdamedia
=338  \\$avolume$2rdacarrier
=650  \0$aJapanese language$vTerms and phrases.
=650  \0$aJapanese language$xIdioms$vDictionaries.
=650  07$6880-05$aNihongo-Kan'yō goku.$2jlabsh/4
=856  4\$uhttp://www.bk1.jp/trcno/10008181/?partnerid=oclc&siteid=oclc$zJapanese record available for display
=880  1\$6100-01$a森田良行,$d1930-
=880  10$6245-02$a日本語の慣用表現辞典 /$c森田良行著.
=880  \\$6250-03$a初版.
=880  \\$6260-04$a東京 :$b東京堂出版,$c2010.
=880  07$6650-05$a日本語-慣用語句.$2jlabsh/4
=852  41$aBritish Library$bOC$jYP.2011.a.142
=CAT  \\$a11693$b40$c20100831$lBLL01$h1424
=CAT  \\$aBATCH-UPD$b40$c20100831$lBLL01$h1425
=CAT  \\$aWR12170$c20121116$lBLL01$h1703
=CAT  \\$aBATCH-UPD$b00$c20230504$lBLL01$h1709
=SID  \\$aZ39$bOCLC
=STA  \\$aSUPPRESSED$bPreliminary Record
=LAS  \\$aBATCH-UPD$b00$c20230504$lBLL01$h1709

