=LDR  01727 am a2200493 a 4500
=001  015638169
=003  Uk
=005  20100831142521.0
=008  100301s2010\\\\ja\\\\\\\b\\\\001\0\jpn\c
=010  \\$a2010462012
=020  \\$a9784759917765
=020  \\$a4759917764
=035  \\$a(OCoLC)534437060
=040  \\$aUk$beng$cUk
=042  \\$aukblsr
=042  \\$apcc
=050  \4$aPL579$b.M545 2010
=084  \\$a815.2$2njb/9
=100  1\$6880-01$aMiho, Tadao,$d1945-
=245  10$6880-02$aNihongo no josūshi :$bkenkyū to shiryō /$cMiho Tadao cho.
=250  \\$6880-03$aShohan.
=260  \\$6880-04$aTōkyō :$bKazama Shobō,$c2010.
=300  \\$avii, 623, 38 p. ;$c22 cm.
=336  \\$atext$2rdacontent
=337  \\$aunmediated$2rdamedia
=338  \\$avolume$2rdacarrier
=504  \\$aIncludes bibliographical references and indexes.
=650  07$6880-05$aNihongo-Sūshi.$2jlabsh/4
=650  \0$aJapanese language$xNumerals$xHistory.
=650  \0$aJapanese language$xClassifiers$xHistory.
=852  41$aBritish Library$bOC$jYP.2010.a.6362
=856  4\$uhttp://www.bk1.jp/trcno/10009568/?partnerid=oclc&siteid=oclc$zJapanese record available for display
=880  1\$6100-01$a三保忠夫,$d1945-
=880  10$6245-02$a日本語の助数詞 :$b研究と資料 /$c三保忠夫著.
=880  \\$6250-03$a初版.
=880  \\$6260-04$a東京 :$b風間書房,$c2010.
=880  07$6650-05$a日本語-数詞.$2jlabsh/4
=CAT  \\$a11693$b40$c20100831$lBLL01$h1425
=CAT  \\$aWR12170$c20121116$lBLL01$h1703
=CAT  \\$aBATCH-UPD$b00$c20180516$lBLL01$h2035
=FMT  \\$a  BK
=LAS  \\$aBATCH-UPD$b00$c20180516$lBLL01$h2035
=SID  \\$aZ39$bOCLC
=STA  \\$aSUPPRESSED$bPreliminary Record

