=LDR  01969cam a2200565 a 4500
=001  015638176
=003  Uk
=005  20100831142658.0
=008  100714s2010\\\\ja\a\\\\\b\\\\000\0\jpn\c
=FMT  \\$a  BK
=010  \\$a2010464070
=020  \\$a9784757605503
=020  \\$a4757605501
=035  \\$a(OCoLC)613313110
=040  \\$aUk$beng$cUk
=042  \\$aukblsr
=042  \\$apcc
=050  00$aPL523.5$b.N44 2010
=084  \\$a810.4$2njb/9
=245  00$6880-01$aNihongogaku saizensen /$cTajima Ikudō hen.
=250  \\$6880-02$aShohan.
=260  \\$6880-03$aŌsaka-shi :$bIzumi Shoin,$c2010.
=300  \\$aiv, 754 p. :$bill. ;$c22 cm.
=336  \\$atext$2rdacontent
=337  \\$aunmediated$2rdamedia
=338  \\$avolume$2rdacarrier
=490  1\$6880-04$aKenkyū sōsho ;$v404
=504  \\$aIncludes bibliographical references.
=650  \0$aJapanese language$y21st century.
=650  \7$6880-05$aKokugogaku.$2jlabsh/4
=700  1\$6880-06$aTajima, Ikudō.
=830  \0$6880-07$aKenkyū sōsho (Izumi Shoin)$v404.
=856  4\$uhttp://www.bk1.jp/trcno/10025306/?partnerid=oclc&siteid=oclc$zJapanese record available for display
=880  00$6245-01$a日本語学最前線 /$c田島毓堂編.
=880  \\$6250-02$a初版.
=880  \\$6260-03$a大阪市 :$b和泉書院,$c2010.
=880  1\$6490-04$a研究叢書 ;$v404
=880  04$6650-05$a国語学.$2jlabsh/4
=880  1\$6700-06$a田島毓堂.
=880  \0$6830-07$a研究叢書 (Izumi Shoin);$v404.
=852  41$aBritish Library$bOC$jYP.2010.a.6239
=CAT  \\$a11693$b40$c20100831$lBLL01$h1426
=CAT  \\$aBATCH-UPD$b40$c20100831$lBLL01$h1427
=CAT  \\$aWR12170$c20121116$lBLL01$h1703
=CAT  \\$aBATCH-UPD$b00$c20121220$lBLL01$h2118
=CAT  \\$aBATCH-UPD$b00$c20150225$lBLL01$h2027
=CAT  \\$aBATCH-UPD$b00$c20230504$lBLL01$h1709
=SID  \\$aZ39$bOCLC
=STA  \\$aSUPPRESSED$bPreliminary Record
=LAS  \\$aBATCH-UPD$b00$c20230504$lBLL01$h1709

