=LDR  01314 am a2200385 a 4500
=001  015638177
=003  Uk
=005  20100831142755.0
=008  100510s2010\\\\ja\\\\\\\\\\\\000\0\jpn\d
=020  \\$a9784623054947
=020  \\$a4623054942
=035  \\$a(OCoLC)613308421
=040  \\$aUk$beng$cUk
=042  \\$aukblsr
=084  \\$a812.033$2njb/9
=100  1\$6880-01$aMasui, Kanenori.
=245  10$6880-02$aNihon gogen kōjiten /$cMasui Kanenori.
=260  \\$6880-03$aKyōto :$bMinerubashobō,$c2010.
=300  \\$a946, 27 p. ;$c22 cm.
=336  \\$atext$2rdacontent
=337  \\$aunmediated$2rdamedia
=338  \\$avolume$2rdacarrier
=650  07$6880-04$aNihongo-Gogen-Jiten.$2jlabsh/4
=852  41$aBritish Library$bOC$jYP.2011.a.253
=856  4\$uhttp://www.bk1.jp/trcno/10023835/?partnerid=oclc&siteid=oclc$zJapanese record available for display
=880  1\$6100-01$a増井金典.
=880  10$6245-02$a日本語源広辞典 /$c増井金典著.
=880  \\$6260-03$a京都 :$bミネルヴァ書房,$c2010.
=880  07$6650-04$a日本語-語源-辞典.$2jlabsh/4
=CAT  \\$a11693$b40$c20100831$lBLL01$h1427
=CAT  \\$aWR12170$c20121116$lBLL01$h1703
=FMT  \\$a  BK
=LAS  \\$aWR12170$b00$c20121116$lBLL01$h1703
=SID  \\$aZ39$bOCLC
=STA  \\$aSUPPRESSED$bPreliminary Record

