=LDR  01470 am a2200409 a 4500
=001  015638188
=003  Uk
=005  20100831143420.0
=008  100419s2010\\\\ja\\\\\\\\\\\\000\0\jpn\d
=020  \\$a9784305705068
=020  \\$a4305705060
=035  \\$a(OCoLC)607972716
=040  \\$aUk$beng$cUk
=042  \\$aukblsr
=084  \\$a818.3$2njb/9
=100  1\$6880-01$aTanaka, Yukari,$d1964-
=245  10$6880-02$aShutoken ni okeru gengo dōtai no kenkyū /$cTanaka Yukari.
=260  \\$6880-03$aTōkyō :$bKasamashoin,$c2010.
=300  \\$a585 p. ;$c21 cm.
=336  \\$atext$2rdacontent
=337  \\$aunmediated$2rdamedia
=338  \\$avolume$2rdacarrier
=650  07$6880-04$aNihongo-Hōgen-Kantō chihō.$2jlabsh/4
=852  41$aBritish Library$bOC$jYP.2010.a.6086
=856  4\$uhttp://www.bk1.jp/trcno/10022101/?partnerid=oclc&siteid=oclc$zJapanese record available for display
=880  1\$6100-01$a田中ゆかり,$d1964-
=880  10$6245-02$a首都圈における言語動態の研究 /$c田中ゆかり著.
=880  \\$6260-03$a東京 :$b笠間書院,$c2010.
=880  \\$6500-00$a文献:p507-557
=880  07$6650-04$a日本語-方言-関東地方.$2jlabsh/4
=CAT  \\$a11693$b40$c20100831$lBLL01$h1434
=CAT  \\$aBATCH-UPD$b40$c20100831$lBLL01$h1435
=CAT  \\$aWR12170$c20121116$lBLL01$h1703
=FMT  \\$a  BK
=LAS  \\$aWR12170$b00$c20121116$lBLL01$h1703
=SID  \\$aZ39$bOCLC
=STA  \\$aSUPPRESSED$bPreliminary Record

