=LDR  02064 am a2200565 a 4500
=001  015638190
=003  Uk
=005  20100831143513.0
=008  100714s2010\\\\ja\\\\\\\b\\\\001\0\jpn\c
=010  \\$a2010464069
=020  \\$a9784757605527
=020  \\$a4757605528
=035  \\$a(OCoLC)613313116
=040  \\$aUk$beng$cUk
=042  \\$aukblsr
=042  \\$apcc
=043  \\$aa-ja---
=050  00$aPL693.J565$bK36 2010
=084  \\$a818.76$2njb/9
=100  1\$6880-01$aKanbe, Hiroyasu,$d1930-
=245  10$6880-02$aSeikatsugo no genfūkei /$cKanbe Hiroyasu cho.
=250  \\$6880-03$aShohan.
=260  \\$6880-04$aŌsaka-shi :$bIzumi Shoin,$c2010.
=300  \\$axi, 293 p. ;$c22 cm.
=336  \\$atext$2rdacontent
=337  \\$aunmediated$2rdamedia
=338  \\$avolume$2rdacarrier
=490  1\$6880-05$aKenkyū sōsho ;$v405
=504  \\$aIncludes bibliographical references and indexes.
=650  \0$aJapanese language$xDialects$zJapan$zJinsekikōgen-chō.
=650  \7$6880-06$aNihongo-Hōgen-Jinsekikōgen-chō(Hiroshimaken).$2jlabsh/4
=830  \0$6880-07$aKenkyū sōsho (Izumi Shoin)$v405.
=852  41$aBritish Library$bOC$jYP.2010.a.5745
=856  4\$uhttp://www.bk1.jp/trcno/10025309/?partnerid=oclc&siteid=oclc$zJapanese record available for display
=880  1\$6100-01$a神部宏泰,$d1930-
=880  10$6245-02$a生活語の原風景 /$c神部宏泰著.
=880  \\$6250-03$a初版.
=880  \\$6260-04$a大阪市 :$b和泉書院,$c2010.
=880  1\$6490-05$a研究叢書 ;$v405
=880  04$6650-06$a日本語-方言-神石高原町(広島県).$2jlabsh/4
=880  \0$6830-07$a研究叢書 (Izumi Shoin) ;$v405.
=CAT  \\$a11693$b40$c20100831$lBLL01$h1435
=CAT  \\$aBATCH-UPD$b40$c20100831$lBLL01$h1436
=CAT  \\$aWR12170$c20121116$lBLL01$h1703
=CAT  \\$aBATCH-UPD$b00$c20121220$lBLL01$h2118
=CAT  \\$aBATCH-UPD$b00$c20150225$lBLL01$h2027
=FMT  \\$a  BK
=LAS  \\$aBATCH-UPD$b00$c20150225$lBLL01$h2027
=SID  \\$aZ39$bOCLC
=STA  \\$aSUPPRESSED$bPreliminary Record

