=LDR  01865cam a2200493 a 4500
=001  015638193
=003  Uk
=005  20100831143617.0
=008  100809s2010\\\\ja\\\\\\\\\\\\000\0\jpn\d
=FMT  \\$a  BK
=020  \\$a9784894764880
=020  \\$a4894764881
=035  \\$a(OCoLC)654307755
=040  \\$aUk$beng$cUk
=042  \\$aukblsr
=084  \\$a811.1$2njb/9
=100  1\$6880-01$aToki, Satoshi.
=245  10$6880-02$aNihongo kyōiku kara no onsei kenkyū /$cToki Satoshi.
=260  \\$6880-03$aTōkyō :$bHitsujishobō,$c2010.
=300  \\$a264 p. ;$c22 cm.
=336  \\$atext$2rdacontent
=337  \\$aunmediated$2rdamedia
=338  \\$avolume$2rdacarrier
=490  1\$6880-04$aShirīzu gengogaku to gengo kyōiku ;$v20
=650  07$6880-05$aNihongo-Onsei.$2jlabsh/4
=650  07$6880-06$aNihongo kyōiku(Tai gaikokujin).$2jlabsh/4
=830  \0$6880-96$aShirīzu gengogaku to gengo kyōiku$v20.
=856  4\$uhttp://www.bk1.jp/trcno/10042365/?partnerid=oclc&siteid=oclc$zJapanese record available for display
=880  1\$6100-01$a土岐哲.
=880  10$6245-02$a日本語教育からの音声研究 /$c土岐哲著.
=880  \\$6260-03$a東京 :$bひつじ書房,$c2010.
=880  1\$6490-04$aシリーズ言語学と言語教育 ;$v20
=880  \\$6500-00$a文献:p251-253
=880  07$6650-05$a日本語-音声.$2jlabsh/4
=880  07$6650-06$a日本語教育(対外国人).$2jlabsh/4
=880  \\$6830-96$aシリーズ言語学と言語教育 ;$v20.
=852  41$aBritish Library$bOC$jYP.2010.a.6278
=CAT  \\$a11693$b40$c20100831$lBLL01$h1436
=CAT  \\$aBATCH-UPD$b40$c20100831$lBLL01$h1437
=CAT  \\$aWR12170$c20121116$lBLL01$h1703
=CAT  \\$aBATCH-UPD$b00$c20221031$lBLL01$h2326
=SID  \\$aZ39$bOCLC
=STA  \\$aSUPPRESSED$bPreliminary Record
=LAS  \\$aBATCH-UPD$b00$c20221031$lBLL01$h2326

