=LDR  01911cam a2200493 a 4500
=001  015638200
=003  Uk
=005  20100831143814.0
=008  100322s2010\\\\ja\\\\\\\\\\\\000\0\jpn\d
=FMT  \\$a  BK
=020  \\$a9784894764736
=020  \\$a4894764733
=035  \\$a(OCoLC)566955384
=040  \\$aUk$beng$cUk
=042  \\$aukblsr
=084  \\$a814.7$2njb/9
=100  1\$6880-01$aHashimoto, Waka.
=245  10$6880-02$aGendai nihongo ni okeru gairaigo no ryōteki suii ni kansuru kenkyū /$cHashimoto Waka.
=260  \\$6880-03$aTōkyō :$bHitsujishobō,$c2010.
=300  \\$a369 p. ;$c22 cm.
=336  \\$atext$2rdacontent
=337  \\$aunmediated$2rdamedia
=338  \\$avolume$2rdacarrier
=490  1\$6880-04$aHitsuji kenkyū sōsho ;$vGengohen-86
=650  07$6880-05$aNihongo-Gairaigo.$2jlabsh/4
=650  07$6880-06$aKeiryō gengogaku.$2jlabsh/4
=830  \0$6880-96$aHitsuji kenkyū sōsho ;$vGengohen-86.
=856  4\$uhttp://www.bk1.jp/trcno/10014236/?partnerid=oclc&siteid=oclc$zJapanese record available for display
=880  1\$6100-01$a橋本和佳.
=880  10$6245-02$a現代日本語における外来語の量的推移に関する研究 /$c橋本和佳著.
=880  \\$6260-03$a東京 :$bひつじ書房,$c2010.
=880  1\$6490-04$aひつじ研究叢書 ;$v言語編第86卷
=880  \\$6500-00$a文献:p357-365
=880  07$6650-05$a日本語-外来語.$2jlabsh/4
=880  07$6650-06$a計量言語学.$2jlabsh/4
=880  \\$6830-96$aひつじ研究叢書 ;$v言語編第86卷.
=852  41$aBritish Library$bOC$jYP.2010.a.6273
=CAT  \\$a11693$b40$c20100831$lBLL01$h1438
=CAT  \\$aBATCH-UPD$b40$c20101213$lBLL01$h2019
=CAT  \\$aWR12170$c20121116$lBLL01$h1703
=CAT  \\$aBATCH-UPD$b00$c20230504$lBLL01$h1709
=SID  \\$aZ39$bOCLC
=STA  \\$aSUPPRESSED$bPreliminary Record
=LAS  \\$aBATCH-UPD$b00$c20230504$lBLL01$h1709

