=LDR  01751 am a2200457 a 4500
=001  015638203
=003  Uk
=005  20100831143916.0
=008  100419s2010\\\\ja\\\\\\\\\\\\000\0\jpn\d
=020  \\$a9784894764705
=020  \\$a4894764709
=035  \\$a(OCoLC)607971905
=040  \\$aUk$beng$cUk
=042  \\$aukblsr
=084  \\$a815.02$2njb/9
=100  1\$6880-01$aUrushidani, Hiroki.
=245  10$6880-02$aSetsubiji ge to jodōshi sōda no tsūjiteki kenkyū /$cUrushidani Hiroki.
=260  \\$6880-03$aTōkyō :$bHitsujishobō,$c2010.
=300  \\$a284 p. ;$c22 cm.
=336  \\$atext$2rdacontent
=337  \\$aunmediated$2rdamedia
=338  \\$avolume$2rdacarrier
=490  1\$6880-04$aHitsuji kenkyū sōsho ;$vGengohen-84
=650  07$6880-05$aNihongo-Bunpō-Rekishi.$2jlabsh/4
=830  \0$6880-96$aHitsuji kenkyū sōsho ;$vGengohen-84.
=852  41$aBritish Library$bOC$jYP.2010.a.6272
=856  4\$uhttp://www.bk1.jp/trcno/10021258/?partnerid=oclc&siteid=oclc$zJapanese record available for display
=880  1\$6100-01$a漆谷広樹.
=880  10$6245-02$a接尾辞「げ」と助動詞「そうだ」の通時的研究 /$c漆谷広樹著.
=880  \\$6260-03$a東京 :$bひつじ書房,$c2010.
=880  1\$6490-04$aひつじ研究叢書 ;$v言語編第84卷
=880  \\$6500-00$a文献:p271-279
=880  07$6650-05$a日本語-文法-歴史.$2jlabsh/4
=880  \\$6830-96$aひつじ研究叢書 ;$v言語編第84卷.
=CAT  \\$a11693$b40$c20100831$lBLL01$h1439
=CAT  \\$aWR12170$c20121116$lBLL01$h1703
=CAT  \\$aBATCH-UPD$b00$c20131007$lBLL01$h0243
=FMT  \\$a  BK
=LAS  \\$aBATCH-UPD$b00$c20131007$lBLL01$h0243
=SID  \\$aZ39$bOCLC
=STA  \\$aSUPPRESSED$bPreliminary Record

