=LDR  01627 am a2200445 a 4500
=001  015638209
=003  Uk
=005  20100831144035.0
=008  100315s2010\\\\ja\\\\\\\\\\\\000\0\jpn\d
=020  \\$a9784894764552
=020  \\$a4894764555
=035  \\$a(OCoLC)555654090
=040  \\$aUk$beng$cUk
=042  \\$aukblsr
=084  \\$a815.7$2njb/9
=100  1\$6880-01$aYamada, Masahiro.
=245  10$6880-02$aKakujoshi ga no tsūjiteki kenkyū /$cYamada Masahiro.
=260  \\$6880-03$aTōkyō :$bHitsujishobō,$c2010.
=300  \\$a320 p. ;$c22 cm.
=336  \\$atext$2rdacontent
=337  \\$aunmediated$2rdamedia
=338  \\$avolume$2rdacarrier
=490  1\$6880-04$aHitsuji kenkyū sōsho ;$vGengohen-76
=650  07$6880-05$aNihongo-Joshi.$2jlabsh/4
=830  \0$6880-96$aHitsuji kenkyū sōsho ;$vGengohen-76.
=852  41$aBritish Library$bOC$jYP.2010.a.6275
=856  4\$uhttp://www.bk1.jp/trcno/10013481/?partnerid=oclc&siteid=oclc$zJapanese record available for display
=880  1\$6100-01$a山田昌裕.
=880  10$6245-02$a格助詞「ガ」の通時的研究 /$c山田昌裕著.
=880  \\$6260-03$a東京 :$bひつじ書房,$c2010.
=880  1\$6490-04$aひつじ研究叢書 ;$v言語編第76卷
=880  \\$6500-00$a文献:p297-310
=880  07$6650-05$a日本語-助詞.$2jlabsh/4
=880  \\$6830-96$aひつじ研究叢書 ;$v言語編第76卷.
=CAT  \\$a11693$b40$c20100831$lBLL01$h1440
=CAT  \\$aWR12170$c20121116$lBLL01$h1703
=FMT  \\$a  BK
=LAS  \\$aWR12170$b00$c20121116$lBLL01$h1703
=SID  \\$aZ39$bOCLC
=STA  \\$aSUPPRESSED$bPreliminary Record

