=LDR  01653 am a2200445 a 4500
=001  015638210
=003  Uk
=005  20100831144128.0
=008  100315s2010\\\\ja\\\\\\\\\\\\000\0\jpn\d
=020  \\$a9784894764576
=020  \\$a4894764571
=035  \\$a(OCoLC)555650242
=040  \\$aUk$beng$cUk
=042  \\$aukblsr
=084  \\$a815.1$2njb/9
=100  1\$6880-01$aŌshima, Motō.
=245  10$6880-02$aNihongo rentai shūshokusetsu kōzō no kenkyū /$cŌshima Motō.
=260  \\$6880-03$aTōkyō :$bHitsujishobō,$c2010.
=300  \\$a313 p. ;$c22 cm.
=336  \\$atext$2rdacontent
=337  \\$aunmediated$2rdamedia
=338  \\$avolume$2rdacarrier
=490  1\$6880-04$aHitsuji kenkyū sōsho ;$vGengohen-78
=650  07$6880-05$aNihongo-Kōbunron.$2jlabsh/4
=830  \0$6880-96$aHitsuji kenkyū sōsho ;$vGengohen-78.
=852  41$aBritish Library$bOC$jYP.2010.a.6271
=856  4\$uhttp://www.bk1.jp/trcno/10013348/?partnerid=oclc&siteid=oclc$zJapanese record available for display
=880  1\$6100-01$a大島資生.
=880  10$6245-02$a日本語連体修飾節構造の研究 /$c大島資生著.
=880  \\$6260-03$a東京 :$bひつじ書房,$c2010.
=880  1\$6490-04$aひつじ研究叢書 ;$v言語編第78卷
=880  \\$6500-00$a文献:p305-310
=880  07$6650-05$a日本語-構文論.$2jlabsh/4
=880  \\$6830-96$aひつじ研究叢書 ;$v言語編第78卷.
=CAT  \\$a11693$b40$c20100831$lBLL01$h1441
=CAT  \\$aWR12170$c20121116$lBLL01$h1703
=FMT  \\$a  BK
=LAS  \\$aWR12170$b00$c20121116$lBLL01$h1703
=SID  \\$aZ39$bOCLC
=STA  \\$aSUPPRESSED$bPreliminary Record

