=LDR  01631cam a2200469 a 4500
=001  015638212
=003  Uk
=005  20100831144318.0
=008  100531s2010\\\\ja\\\\\\\\\\\\000\0\jpn\d
=FMT  \\$a  BK
=020  \\$a9784273036034
=020  \\$a4273036037
=035  \\$a(OCoLC)635383146
=040  \\$aUk$beng$cUk
=042  \\$aukblsr
=084  \\$a913.36$2njb/9
=100  1\$6880-01$aOkajima, Ikuko.
=245  10$6880-02$aGenji monogatari shahon no shoshigakuteki kenkyū /$cOkajima Ikuko.
=260  \\$6880-03$aTōkyō :$bŌfū,$c2010.
=300  \\$a386 p. ;$c22 cm.
=336  \\$atext$2rdacontent
=337  \\$aunmediated$2rdamedia
=338  \\$avolume$2rdacarrier
=600  14$6880-04$aMurasakishikibu.
=650  07$6880-05$aGenji monogatari.$2jlabsh/4
=650  07$6880-06$aShahon.$2jlabsh/4
=856  4\$uhttp://www.bk1.jp/trcno/10029748/?partnerid=oclc&siteid=oclc$zJapanese record available for display
=880  1\$6100-01$a岡嶌偉久子.
=880  10$6245-02$a源氏物語写本の書誌学的研究 /$c岡嶌偉久子著.
=880  \\$6260-03$a東京 :$bおうふう,$c2010.
=880  \\$6500-00$a布装
=880  14$6600-04$a紫式部.
=880  07$6650-05$a源氏物語.$2jlabsh/4
=880  07$6650-06$a写本.$2jlabsh/4
=852  41$aBritish Library$bOC$jYP.2010.a.5743
=CAT  \\$a11693$b40$c20100831$lBLL01$h1443
=CAT  \\$aBATCH-UPD$b40$c20101115$lBLL01$h2019
=CAT  \\$aWR12170$c20121116$lBLL01$h1703
=CAT  \\$aBATCH-UPD$b00$c20230504$lBLL01$h1709
=SID  \\$aZ39$bOCLC
=STA  \\$aSUPPRESSED$bPreliminary Record
=LAS  \\$aBATCH-UPD$b00$c20230504$lBLL01$h1709

