=LDR  01432 am a2200421 a 4500
=001  015638215
=003  Uk
=005  20100831144410.0
=008  100531s2010\\\\ja\\\\\\\\\\\\000\0\jpn\d
=020  \\$a9784273035624
=020  \\$a4273035626
=035  \\$a(OCoLC)635383145
=040  \\$aUk$beng$cUk
=042  \\$aukblsr
=084  \\$a913.36$2njb/9
=100  1\$6880-01$aŌuchi, Hidenori.
=245  10$6880-02$aGenji monogatari kamakuraki honmon no kenkyū /$cŌuchi Hidenori.
=260  \\$6880-03$aTōkyō :$bŌfū,$c2010.
=300  \\$a234 p. ;$c22 cm.
=336  \\$atext$2rdacontent
=337  \\$aunmediated$2rdamedia
=338  \\$avolume$2rdacarrier
=600  14$6880-04$aMurasakishikibu.
=650  07$6880-05$aGenji monogatari.$2jlabsh/4
=852  41$aBritish Library$bOC$jYP.2010.a.6242
=856  4\$uhttp://www.bk1.jp/trcno/10029747/?partnerid=oclc&siteid=oclc$zJapanese record available for display
=880  1\$6100-01$a大内英範.
=880  10$6245-02$a源氏物語鎌倉期本文の研究 /$c大内英範著.
=880  \\$6260-03$a東京 :$bおうふう,$c2010.
=880  \\$6500-00$a布装
=880  14$6600-04$a紫式部.
=880  07$6650-05$a源氏物語.$2jlabsh/4
=CAT  \\$a11693$b40$c20100831$lBLL01$h1444
=CAT  \\$aWR12170$c20121116$lBLL01$h1703
=FMT  \\$a  BK
=LAS  \\$aWR12170$b00$c20121116$lBLL01$h1703
=SID  \\$aZ39$bOCLC
=STA  \\$aSUPPRESSED$bPreliminary Record

