=LDR  01344cam a2200385 a 4500
=001  015668167
=003  Uk
=005  20101012161050.0
=008  100726s2010\\\\ja\\\\\\\\\\\\000\0\jpn\d
=FMT  \\$a  BK
=020  \\$a9784792409258
=020  \\$a479240925X
=035  \\$a(OCoLC)650214029
=040  \\$aTRCLS$cTRCLS
=084  \\$a499.8$2njb/9
=100  1\$6880-01$aHabu, Kazuko.
=245  10$6880-02$aEdo jidai kanpōyaku no rekishi /$cHabu Kazuko.
=260  \\$6880-03$aOosaka :$bSeibundōshuppan,$c2010.
=300  \\$a300 p. ;$c22 cm.
=336  \\$atext$2rdacontent
=337  \\$aunmediated$2rdamedia
=338  \\$avolume$2rdacarrier
=650  07$6880-04$aKanpōyaku-Rekishi.$2jlabsh/4
=856  4\$uhttp://www.bk1.jp/trcno/10039918/?partnerid=oclc&siteid=oclc$zJapanese record available for display
=880  1\$6100-01$a羽生和子.
=880  10$6245-02$a江戶時代、漢方薬の歴史 /$c羽生和子著.
=880  \\$6260-03$a大阪 :$b清文堂出版,$c2010.
=880  07$6650-04$a漢方薬-歴史.$2jlabsh/4
=852  41$aBritish Library$bOC$jYP.2010.a.5724
=CAT  \\$a2717$b40$c20101012$lBLL01$h1610
=CAT  \\$aWR12170$c20121116$lBLL01$h1703
=CAT  \\$aW2308-1659$c20230923$lBLL01$h1101
=SID  \\$aZ39$bOCLC
=STA  \\$aSUPPRESSED$bPreliminary Record
=LAS  \\$aW2308-1659$b00$c20230923$lBLL01$h1101

