=LDR  01578cam a2200421 a 4500
=001  015670039
=003  Uk
=005  20101012174038.0
=008  100726s2010\\\\ja\\\\\\\\\\\\000\0\jpn\d
=FMT  \\$a  BK
=020  \\$a9784816922596
=020  \\$a4816922598
=035  \\$a(OCoLC)650207823
=040  \\$aTRCLS$cTRCLS
=084  \\$a721.8$2njb/9
=245  00$6880-01$aUkiyoe refarensu jiten /$cNichigai asoshiētsu kabushiki gaisha.
=246  35$aIndex to each complete series of Ukiyoe
=260  \\$6880-02$aTōkyō :$bNichigaiasoshiētsu,$c2010.
=300  \\$a25, 940 p. ;$c27 cm.
=336  \\$atext$2rdacontent
=337  \\$aunmediated$2rdamedia
=338  \\$avolume$2rdacarrier
=650  07$6880-03$aUkiyoe-Sakuin.$2jlabsh/4
=710  2\$6880-04$aNichigai Asoshiētsu.
=856  4\$uhttp://www.bk1.jp/trcno/10039059/?partnerid=oclc&siteid=oclc$zJapanese record available for display
=880  00$6245-01$a浮世絵レファレンス事典 /$c日外アソシエーツ株式会社編集.
=880  \\$6260-02$a東京 :$b日外アソシエーツ,$c2010.
=880  07$6650-03$a浮世絵-索引.$2jlabsh/4
=880  2\$6710-04$a日外アソシエーツ.
=852  41$aBritish Library$bOC$jYP.2010.b.800
=CAT  \\$a2717$b40$c20101012$lBLL01$h1736
=CAT  \\$a2717$b40$c20101012$lBLL01$h1740
=CAT  \\$aWR12170$c20121116$lBLL01$h1703
=CAT  \\$aBATCH-UPD$b00$c20150926$lBLL01$h1713
=CAT  \\$aW2308-1659$c20230923$lBLL01$h1101
=SID  \\$aZ39$bOCLC
=STA  \\$aSUPPRESSED$bPreliminary Record
=LAS  \\$aW2308-1659$b00$c20230923$lBLL01$h1101

