=LDR  01383cam a2200385 a 4500
=001  015671781
=003  Uk
=005  20101015160734.0
=008  100906s2010\\\\ja\\\\\\\\\\\\000\0\jpn\d
=FMT  \\$a  BK
=020  \\$a9784815806354
=020  \\$a4815806357
=035  \\$a(OCoLC)662410604
=040  \\$aTRCLS$cTRCLS
=084  \\$a210.4$2njb/9
=100  1\$6880-01$aUejima, Susumu.
=245  10$6880-02$aNihon chūsei shakai no keisei to ōken /$cUejima Susumu.
=260  \\$6880-03$aNagoya :$bNagoyadaigakushuppankai,$c2010.
=300  \\$a950, 31 p. ;$c22 cm.
=336  \\$atext$2rdacontent
=337  \\$aunmediated$2rdamedia
=338  \\$avolume$2rdacarrier
=650  07$6880-04$aNihon-Rekishi-Chūsei.$2jlabsh/4
=856  4\$uhttp://www.bk1.jp/trcno/10143632/?partnerid=oclc&siteid=oclc$zJapanese record available for display
=880  1\$6100-01$a上島享.
=880  10$6245-02$a日本中世社会の形成と王権 /$c上島享著.
=880  \\$6260-03$a名古屋 :$b名古屋大学出版会,$c2010.
=880  07$6650-04$a日本-歴史-中世.$2jlabsh/4
=852  41$aBritish Library$bOC$jYP.2010.a.6080
=CAT  \\$a2717$b40$c20101015$lBLL01$h1607
=CAT  \\$aWR12170$c20121116$lBLL01$h1703
=CAT  \\$aW2308-1659$c20230923$lBLL01$h1101
=SID  \\$aZ39$bOCLC
=STA  \\$aSUPPRESSED$bPreliminary Record
=LAS  \\$aW2308-1659$b00$c20230923$lBLL01$h1101

