=LDR  01897cam a2200517 a 4500
=001  015671793
=003  Uk
=005  20101015163513.0
=008  100906s2010\\\\ja\\\\\\\\\\\\000\0\jpn\d
=FMT  \\$a  BK
=020  \\$a9784886215345
=020  \\$a4886215343
=035  \\$a(OCoLC)662402777
=040  \\$aTRCLS$cTRCLS
=084  \\$a212$2njb/9
=100  1\$6880-01$aYagi, Mitsunori.
=245  10$6880-02$aKodai emishi shakai no seiritsu /$cYagi Mitsunori.
=246  1\$aKodai ezo shakai no seiritsu
=260  \\$6880-03$aTōkyō :$bDōseisha,$c2010.
=300  \\$a288 p. ;$c22 cm.
=336  \\$atext$2rdacontent
=337  \\$aunmediated$2rdamedia
=338  \\$avolume$2rdacarrier
=490  1\$6880-04$aMono ga kataru rekishi ;$v21
=650  07$6880-05$aTōhoku chihō-Rekishi.$2jlabsh/4
=650  07$6880-06$aIseki ibutsu-Tōhoku chihō.$2jlabsh/4
=650  07$6880-07$aEzo.$2jlabsh/4
=830  \0$6880-96$aMono ga kataru rekishi$v21.
=856  4\$uhttp://www.bk1.jp/trcno/10045665/?partnerid=oclc&siteid=oclc$zJapanese record available for display
=880  1\$6100-01$a八木光則.
=880  10$6245-02$a古代蝦夷社会の成立 /$c八木光則著.
=880  \\$6260-03$a東京 :$b同成社,$c2010.
=880  1\$6490-04$aものが語る歴史 ;$v21
=880  \\$6500-00$a文献:p277-286
=880  07$6650-05$a東北地方-歴史.$2jlabsh/4
=880  07$6650-06$a遺跡・遺物-東北地方.$2jlabsh/4
=880  07$6650-07$a蝦夷.$2jlabsh/4
=880  \\$6830-96$aものが語る歴史 ;$v21.
=852  41$aBritish Library$bOC$jYP.2010.a.6085
=CAT  \\$a2717$b40$c20101015$lBLL01$h1635
=CAT  \\$aBATCH-UPD$b40$c20110617$lBLL01$h2032
=CAT  \\$aWR12170$c20121116$lBLL01$h1703
=CAT  \\$aW2308-1659$c20230923$lBLL01$h1101
=SID  \\$aZ39$bOCLC
=STA  \\$aSUPPRESSED$bPreliminary Record
=LAS  \\$aW2308-1659$b00$c20230923$lBLL01$h1101

