=LDR  01847 ai a2200457 a 4500
=001  015673453
=003  Uk
=005  20101019144653.0
=006  m\\\\\\\\e\\\\\\\\
=007  cr\|||||||||||
=008  050919c200u9999ohuwr\d\s\\\\\0\\\a2eng\d
=035  \\$a(OCoLC)61662280
=040  \\$aGPM$cGPM$dCUS$dUk
=042  \\$aukblsr
=082  04$a016.61$222
=245  00$aCINAHL plus$h[electronic resource].
=246  13$aCumulative index to Nursing & allied health literature
=260  \\$aIpswich, MA :$bEBSCO
=310  \\$aUpdated weekly.
=336  \\$atext$2rdacontent
=337  \\$acomputer$2rdamedia
=338  \\$aonline resource$2rdacarrier
=500  \\$aDatabase coverage: 1937-
=500  \\$aTitle from title screen.
=520  \\$aExpanded version of the traditional index CINAHL Plus provides indexing for 4,175 journals from the fields of nursing and allied health. It also contains searchable cited references for more than 1,270 journals. Full text material includes nearly 80 journals plus legal cases, clinical innovations, critical paths, drug records, research instruments and clinical trials.
=538  \\$aMode of access: World Wide Web.
=550  \\$aDatabase produced by CINAHL Information Systems.
=650  \0$aNursing$vIndexes.
=710  2\$aCINAHL Information Systems.
=787  0\$tNursing & allied health (CINAHL)
=787  0\$tPreCINAHL
=852  41$aBritish Library$bHMNTS$je-media
=856  40$uhttp://search.ebscohost.com/login.aspx?authtype=ip,uid&profile=ehost&defaultdb=c8h$zFor subscribers only; BL Reading Room access
=CAT  \\$a3072$b40$c20101019$lBLL01$h1446
=CAT  \\$aBATCH-UPD$b40$c20131021$lBLL01$h1141
=FIN  \\$aY$d20101019
=FMT  \\$a  SE
=LAS  \\$aBATCH-UPD$b40$c20131021$lBLL01$h1141
=SID  \\$aZ39$bOCLC
=STA  \\$aSUPPRESSED$bDatabase
=TCO  \\$aTRS$bCCC$c008

