=LDR  04953cai a2201009 a 4500
=001  015680515
=003  Uk
=005  20230207171014.0
=006  m\\\\\\\\d\\\\\\\\
=007  cr\mzu|||a||||
=008  080107c200u9999fludu\dss\\\\\0\\\a2eng\c
=FMT  \\$a  SE
=010  \\$a2010238601
=035  \\$a(OCoLC)187857695
=040  \\$aFMFIU$cFMFIU$dNNC$dNIC$dNNC$dInU$dST-EdSUN$dUk
=042  \\$aukblsr
=050  \4$aD840
=082  04$a070$222
=245  00$aForeign Broadcast Information Service (FBIS) daily reports$h[electronic resource].
=246  3\$aFBIS daily reports, 1974-1996
=246  3\$aFBIS daily reports, 1941-1960
=246  3\$aFBIS daily report annexes, 1974-1996
=246  3\$aFBIS daily reports
=247  10$aForeign Broadcast Information Service (FBIS) daily reports 1974-1996,$f<Feb. 8, 2008>
=260  \\$a[Naples, FL] :$bReadex
=336  \\$atext$2rdacontent
=337  \\$acomputer$2rdamedia
=338  \\$aonline resource$2rdacarrier
=362  1\$aBegan in 2000s.
=538  \\$aMode of access: World Wide Web.
=520  \\$aUS government operation which translates the text of daily broadcasts, government statements, and select news stories from non-English sources. Covers: All regions 1941-1960; 1961-1970; 1971-1974; Asia and the Pacific, 1974-1987; China, 1974-1996; East Asia, 1987-1996 Eastern Europe, 1974-1996; Latin America 1974-1996; Middle East and [North] Africa, 1974-1987; Near East and South Asia, 1987-1996; South Asia, 1980-1987; Soviet Union, 1974-1996; Sub-Saharan Africa (SSA), 1974-1996; Western Europe 1974-1996.
=500  \\$aTitle from search screen (viewed on February 7, 2023).
=650  \0$aWorld politics$y1945-1989$vDatabases.
=650  \0$aWorld politics$y1975-1985$vDatabases.
=650  \0$aWorld politics$y1985-1995$vDatabases.
=651  \0$aMiddle East$xHistory$y20th century$vDatabases.
=651  \0$aAfrica$xHistory$y1960-$vDatabases.
=651  \0$aEurope, Eastern$xHistory$y20th century$vDatabases.
=651  \0$aAsia$xHistory$y20th century$vDatabases.
=651  \0$aSouth Asia$xHistory$y20th century$vDatabases.
=651  \0$aChina$xHistory$y20th century$vDatabases.
=710  1\$aUnited States.$bForeign Broadcast Information Service.
=740  02$aDaily report.$pAfrica (Sub-Sahara)
=740  02$aDaily report.$pAsia & Pacific.
=740  02$aDaily report.$pCentral Eurasia.
=740  02$aDaily report.$pChina.
=740  02$aDaily report.$pEast Asia.
=740  02$aDaily report.$pEast Europe.
=740  02$aDaily report.$pEastern Europe.
=740  02$aDaily report.$pMiddle East & Africa.
=740  02$aDaily report.$pMiddle East & North Africa.
=740  02$aDaily report.$pNear East & South Asia.
=740  02$aDaily report.$pPeople's Republic of China.
=740  02$aDaily report.$pSouth Asia.
=740  02$aDaily report.$pSoviet Union.
=740  02$aDaily report.$pSub-Saharan Africa.
=856  40$uhttp://infoweb.newsbank.com$zFor subscribers only, follow link to resource
=852  41$aBritish Library$bHMNTS$je-media
=852  41$aBritish Library$bHMNTS$je-media
=852  41$aBritish Library$bHMNTS$je-media
=852  41$aBritish Library$bHMNTS$je-media
=852  41$aBritish Library$bHMNTS$je-media
=852  41$aBritish Library$bHMNTS$je-media
=985  \\$a650/651s + 740s + 520 only reflect the modules that the Library subscribes to, that are listed in the 520. If our sub changes the extra info will need adding from the derived record.
=985  \\$aCoverage of modules has been changed from "FBIS daily reports, 1941-1974" to "... 1941-1950" from end of Jan 2015 - coverage is now by decade to make it more affordable & holdings for 1941 to 1974 will gradually be built up 19/12/12; N.B Region 2 Africa, (Sub-Sarahan) and South Asia was supplied by a different vendor (Thomson Henry) and its order was on 15603600 - now merged with this 21/10/15; "Publication series titles" in 740s matches Integrated list description 21/10/15.
=985  \\$aSee also 016224662.
=CAT  \\$a3072$b40$c20101027$lBLL01$h1541
=CAT  \\$a3072$b40$c20101027$lBLL01$h1542
=CAT  \\$a3072$b40$c20101027$lBLL01$h1550
=CAT  \\$a3072$b40$c20101027$lBLL01$h1605
=CAT  \\$a3072$b40$c20101117$lBLL01$h1654
=CAT  \\$aBATCH$b00$c20101118$lBLL01$h1428
=CAT  \\$aBATCH$b00$c20101119$lBLL01$h0819
=CAT  \\$a3072$b40$c20121219$lBLL01$h1450
=CAT  \\$a3391$b40$c20130312$lBLL01$h1149
=CAT  \\$aBATCH-UPD$b40$c20131021$lBLL01$h1141
=CAT  \\$a3072$b40$c20150129$lBLL01$h1430
=CAT  \\$a3072$b40$c20151021$lBLL01$h1650
=CAT  \\$a3072$b40$c20151021$lBLL01$h1651
=CAT  \\$a3072$b40$c20161215$lBLL01$h1609
=CAT  \\$a3391$b40$c20181205$lBLL01$h1732
=CAT  \\$a3072$b40$c20230207$lBLL01$h1710
=FIN  \\$aY$d20101027
=SID  \\$aZ39$bSUNCAT
=STA  \\$aSUPPRESSED$bDatabase
=TCO  \\$aTRS$bCCC$c008
=LAS  \\$a3072$b40$c20230207$lBLL01$h1710

