=LDR  01447cam a2200397 a 4500
=001  015693570
=003  Uk
=005  20101112163340.0
=008  100906s2010\\\\ja\\\\\\\\\\\\000\0\jpn\d
=FMT  \\$a  BK
=020  \\$a9784000257886
=020  \\$a4000257889
=035  \\$a(OCoLC)662405486
=040  \\$aTRCLS$cTRCLS
=084  \\$a768.2$2njb/9
=100  1\$6880-01$aTerauchi, Naoko.
=245  10$6880-02$aGagaku no kindai to gendai :$bkeishō fukyū sōzō no kiseki /$cTerauchi Naoko.
=260  \\$6880-03$aTōkyō :$bIwanamishoten,$c2010.
=300  \\$a297, 25 p. ;$c22 cm.
=336  \\$atext$2rdacontent
=337  \\$aunmediated$2rdamedia
=338  \\$avolume$2rdacarrier
=650  07$6880-04$aGagaku-Rekishi.$2jlabsh/4
=856  4\$uhttp://www.bk1.jp/trcno/10046101/?partnerid=oclc&siteid=oclc$zJapanese record available for display
=880  1\$6100-01$a寺内直子.
=880  10$6245-02$a雅楽の<近代>と<現代> :$b継承・普及・創造の軌跡 /$c寺内直子著.
=880  \\$6260-03$a東京 :$b岩波書店,$c2010.
=880  \\$6500-00$a文献:p280-294
=880  07$6650-04$a雅楽-歴史.$2jlabsh/4
=852  41$aBritish Library$bOC$jYP.2010.a.6081
=CAT  \\$a2717$b40$c20101112$lBLL01$h1633
=CAT  \\$aWR12170$c20121116$lBLL01$h1703
=CAT  \\$aW2308-1659$c20230923$lBLL01$h1102
=SID  \\$aZ39$bOCLC
=STA  \\$aSUPPRESSED$bPreliminary Record
=LAS  \\$aW2308-1659$b00$c20230923$lBLL01$h1102

