=LDR  01901cam a2200481 a 4500
=001  015693576
=003  Uk
=005  20101112164912.0
=008  100906s2010\\\\ja\\\\\\\\\\\\000\0\jpn\d
=FMT  \\$a  BK
=020  \\$a9784000224062
=020  \\$a4000224069
=035  \\$a(OCoLC)662405476
=040  \\$aTRCLS$cTRCLS
=084  \\$a319.1$2njb/9
=100  1\$6880-01$aKuriyama, Takakazu.
=245  10$6880-02$aOkinawa henkan nitchū kokkō seijōka nichibei mitsuyaku :$bgaikō shōgenroku /$cKuriyama Takakazu;Nakashima Takuma;Hattori Ryūji;Etō Naoko.
=260  \\$6880-03$aTōkyō :$bIwanamishoten,$c2010.
=300  \\$a274 p. ;$c22 cm.
=336  \\$atext$2rdacontent
=337  \\$aunmediated$2rdamedia
=338  \\$avolume$2rdacarrier
=650  07$6880-04$aNihon-Taigai kankei-Rekishi.$2jlabsh/4
=700  1\$6880-05$aNakashima, Takuma.
=700  1\$6880-06$aHattori, Ryūji.
=700  1\$6880-07$aEtō, Naoko.
=856  4\$uhttp://www.bk1.jp/trcno/10046100/?partnerid=oclc&siteid=oclc$zJapanese record available for display
=880  1\$6100-01$a栗山尚一.
=880  10$6245-02$a沖縄返還・日中国交正常化・日米「密約」 :$b外交証言錄 /$c栗山尚一著;中島琢磨;服部竜二;江藤名保子編.
=880  \\$6260-03$a東京 :$b岩波書店,$c2010.
=880  07$6650-04$a日本-対外関係-歴史.$2jlabsh/4
=880  1\$6700-05$a中島琢磨.
=880  1\$6700-06$a服部竜二.
=880  1\$6700-07$a江藤名保子.
=852  41$aBritish Library$bOC$jYP.2010.a.6281
=CAT  \\$a2717$b40$c20101112$lBLL01$h1649
=CAT  \\$aBATCH-UPD$b40$c20101213$lBLL01$h2017
=CAT  \\$aWR12170$c20121116$lBLL01$h1703
=CAT  \\$aBATCH-UPD$b00$c20230504$lBLL01$h1710
=CAT  \\$aW2308-1659$c20230923$lBLL01$h1102
=SID  \\$aZ39$bOCLC
=STA  \\$aSUPPRESSED$bPreliminary Record
=LAS  \\$aW2308-1659$b00$c20230923$lBLL01$h1102

