=LDR  01826cam a2200505 a 4500
=001  015697595
=003  Uk
=005  20101117155942.0
=008  100913s2010\\\\ja\\\\\\\\\\\\000\0\jpn\d
=FMT  \\$a  BK
=020  \\$a9784588215117
=020  \\$a4588215116
=035  \\$a(OCoLC)663946185
=040  \\$aTRCLS$cTRCLS
=084  \\$a653.7$2njb/9
=100  1\$6880-01$aYano, Ken'ichi.
=245  10$6880-02$aKusunoki /$cYano Ken'ichi;Yano Kōyō.
=260  \\$6880-03$aTōkyō :$bHōseidaigakushuppankyoku,$c2010.
=300  \\$a319 p. ;$c20 cm.
=336  \\$atext$2rdacontent
=337  \\$aunmediated$2rdamedia
=338  \\$avolume$2rdacarrier
=490  1\$6880-04$aMono to ningen no bunkashi ;$v151
=650  07$6880-05$aKusunoki.$2jlabsh/4
=700  1\$6880-06$aYano, Kōyō.
=830  \0$6880-96$aMono to ningen no bunkashi$v151.
=856  4\$uhttp://www.bk1.jp/trcno/10046934/?partnerid=oclc&siteid=oclc$zJapanese record available for display
=880  1\$6100-01$a矢野憲一.
=880  10$6245-02$a楠 /$c矢野憲一;矢野高陽著.
=880  \\$6260-03$a東京 :$b法政大学出版局,$c2010.
=880  1\$6490-04$aものと人間の文化史 ;$v151
=880  \\$6500-00$a文献:p311-316
=880  07$6650-05$aくすのき.$2jlabsh/4
=880  1\$6700-06$a矢野高陽.
=880  \\$6830-96$aものと人間の文化史 ;$v151.
=852  41$aBritish Library$bOC$jYP.2011.a.143
=CAT  \\$a2717$b40$c20101117$lBLL01$h1559
=CAT  \\$aBATCH$b00$c20101118$lBLL01$h1427
=CAT  \\$aBATCH$b00$c20101119$lBLL01$h0819
=CAT  \\$aWR12170$c20121116$lBLL01$h1703
=CAT  \\$aBATCH-UPD$b00$c20150326$lBLL01$h0000
=CAT  \\$aW2308-1659$c20230923$lBLL01$h1102
=SID  \\$aZ39$bOCLC
=STA  \\$aSUPPRESSED$bPreliminary Record
=LAS  \\$aW2308-1659$b00$c20230923$lBLL01$h1102

