=LDR  01637cam a2200433 a 4500
=001  015697618
=003  Uk
=005  20101117162117.0
=008  100927s2010\\\\ja\\\\\\\\\\\\000\0\jpn\d
=FMT  \\$a  BK
=020  \\$a9784784215232
=020  \\$a4784215239
=035  \\$a(OCoLC)666231722
=040  \\$aTRCLS$cTRCLS$dOCLCQ
=084  \\$a581.02164$2njb/9
=100  1\$6880-01$aKuwata, Masaru.
=245  10$6880-02$aDentō sangyō no seiritsu to hatten :$bbanshū miki kanamono no jirei /$cKuwata Masaru.
=260  \\$6880-03$aKyōto :$bShibunkaku Shuppan,$c2010.
=300  \\$a270, 1, 17 p. ;$c22 cm.
=336  \\$atext$2rdacontent
=337  \\$aunmediated$2rdamedia
=338  \\$avolume$2rdacarrier
=650  07$6880-04$aKinzoku seihin-Rekishi.$2jlabsh/4
=650  07$6880-05$aMikishi-Rekishi.$2jlabsh/4
=856  4\$uhttp://www.bk1.jp/trcno/10050152/?partnerid=oclc&siteid=oclc$zJapanese record available for display
=880  1\$6100-01$a桑田優.
=880  10$6245-02$a伝統産業の成立と発展 :$b播州三木金物の事例 /$c桑田優著.
=880  \\$6260-03$a京都 :$b思文閣出版,$c2010.
=880  07$6650-04$a金属製品-歴史.$2jlabsh/4
=880  07$6650-05$a三木市-歴史.$2jlabsh/4
=852  41$aBritish Library$bOC$jYP.2011.a.136
=CAT  \\$a2717$b40$c20101117$lBLL01$h1621
=CAT  \\$aBATCH$b00$c20101118$lBLL01$h1427
=CAT  \\$aBATCH$b00$c20101119$lBLL01$h0815
=CAT  \\$aWR12170$c20121116$lBLL01$h1703
=CAT  \\$aW2308-1659$c20230923$lBLL01$h1102
=SID  \\$aZ39$bOCLC
=STA  \\$aSUPPRESSED$bPreliminary Record
=LAS  \\$aW2308-1659$b00$c20230923$lBLL01$h1102

