=LDR  02170cam a2200529 a 4500
=001  015697626
=003  Uk
=005  20101117162712.0
=008  100913s2010\\\\ja\\\\\\\\\\\\000\0\jpn\d
=FMT  \\$a  BK
=020  \\$a9784841905496
=020  \\$a4841905499
=035  \\$a(OCoLC)663946955
=040  \\$aTRCLS$cTRCLS
=084  \\$a291.09$2njb/9
=100  1\$6880-01$aDe Fonblanque, Edward Barrington.
=245  10$6880-02$aUma o kaini kita otoko :$bigirisu rikugun shōkō no bakumatsu nihon nikki /$cDe Fonblanque Edward Barrington;Miyanaga Takashi.
=260  \\$6880-03$aTōkyō :$bYūshōdōshoten,$c2010.
=300  \\$a213, 5 p. ;$c22 cm.
=336  \\$atext$2rdacontent
=337  \\$aunmediated$2rdamedia
=338  \\$avolume$2rdacarrier
=490  1\$6880-04$aTōzai kōryū sōsho ;$v13
=650  07$6880-05$aNihon-Kikō annaiki.$2jlabsh/4
=650  07$6880-06$aNihon-Rekishi-Bakumatsuki.$2jlabsh/4
=700  1\$6880-07$aMiyanaga, Takashi.
=830  \0$6880-96$aTōzai kōryū sōsho$v13.
=856  4\$uhttp://www.bk1.jp/trcno/10047681/?partnerid=oclc&siteid=oclc$zJapanese record available for display
=880  1\$6100-01$aE.B.ド・フォンブランク.
=880  10$6245-02$a馬を買いに来た男 :$bイギリス陸軍将校の幕末日本日記 /$cE.B.ド・フォンブランク著;宮永孝訳.
=880  \\$6260-03$a東京 :$b雄松堂書店,$c2010.
=880  1\$6490-04$a東西交流叢書 ;$v13
=880  07$6650-05$a日本-紀行・案内記.$2jlabsh/4
=880  07$6650-06$a日本-歴史-幕末期.$2jlabsh/4
=880  1\$6700-07$a宮永孝.
=880  \\$6830-96$a東西交流叢書 ;$v13.
=852  41$aBritish Library$bOC$jJPN.1988.a.745/13
=CAT  \\$a2717$b40$c20101117$lBLL01$h1627
=CAT  \\$aBATCH-UPD$b40$c20101117$lBLL01$h1627
=CAT  \\$aBATCH$b00$c20101118$lBLL01$h1427
=CAT  \\$aBATCH$b00$c20101119$lBLL01$h0815
=CAT  \\$aWR12170$c20121116$lBLL01$h1703
=CAT  \\$aBATCH-UPD$b00$c20230504$lBLL01$h1710
=CAT  \\$aW2308-1659$c20230923$lBLL01$h1102
=SID  \\$aZ39$bOCLC
=STA  \\$aSUPPRESSED$bPreliminary Record
=LAS  \\$aW2308-1659$b00$c20230923$lBLL01$h1102

