=LDR  01932 ai a2200529 a 4500
=001  015719491
=003  Uk
=005  20101221112105.0
=006  m\\\\\\\\m\\\\\\\\
=007  cr\|n|||||||||
=008  050518c200u9999ne\mr\d\s\\\\\0\\\\2eng\c
=010  \\$a2010242028
=035  \\$a(OCoLC)60396141
=040  \\$aHBS$cHBS$dZCU$dMYG$dUk
=042  \\$aukblsr
=050  \4$aHD2731
=082  04$a338.74$222
=130  0\$aOrbis (Amsterdam, Netherlands)
=245  10$aOrbis$h[electronic resource] /$cBureau van Dijk.
=260  \\$aAmsterdam :$bBureau van Dijk Electronic Pub.
=336  \\$atext$2rdacontent
=337  \\$acomputer$2rdamedia
=338  \\$aonline resource$2rdacarrier
=362  1\$aBegan in 2000s?
=500  \\$aTitle from title screen (viewed Dec. 20, 2010).
=500  \\$a"A world of company information."
=520  \\$aOrbis is a global company database listing over 75 million companies around the world providing access to contacts, accounts and corporate structure information.
=538  \\$aMode of access: World Wide Web.
=650  \0$aCorporations$vDatabases.
=650  \0$aInternational business enterprises$vDatabases.
=650  \0$aFinancial institutions$vDatabases.
=655  \0$aElectronic reference sources.
=690  7\$aManagement and Business Studies$2blcoll
=710  2\$aBureau van Dijk Electronic Publishing.
=852  41$aBritish Library$bSTI$je-media
=856  40$uhttp://orbis.bvdep.com$zFor subscribers only; BL Reading Room access
=CAT  \\$a3072$b40$c20101220$lBLL01$h1621
=CAT  \\$a3072$b40$c20101220$lBLL01$h1622
=CAT  \\$a3072$b40$c20101221$lBLL01$h1121
=CAT  \\$aBATCH-MBS$c20110107$lBLL01$h2045
=CAT  \\$aBATCH-UPD$b00$c20131021$lBLL01$h1141
=FIN  \\$aY$d20101220
=FMT  \\$a  SE
=LAS  \\$aBATCH-UPD$b00$c20131021$lBLL01$h1141
=SID  \\$aZ39$bOCLC
=STA  \\$aSUPPRESSED$bDatabase
=TCO  \\$aNLD$bSTICHTING REPRORECHT$c008

