=LDR  01716cam a2200469 a 4500
=001  015725235
=003  Uk
=005  20110104111636.0
=008  101220s2010\\\\ja\\\\\\\\\\\\000\0\jpn\d
=FMT  \\$a  BK
=020  \\$a9784258045891
=020  \\$a4258045896
=035  \\$a(OCoLC)693756044
=040  \\$aTRCLS$cTRCLS
=084  \\$a509.22$2njb/9
=245  00$6880-01$aAjia no sangyō hatten to gijutsusha /$cSatō Yukihito.
=260  \\$6880-02$a[S.l.] :$bAjiakeizaikenkyūjo,$c2010.
=300  \\$a168 p. ;$c22 cm.
=336  \\$atext$2rdacontent
=337  \\$aunmediated$2rdamedia
=338  \\$avolume$2rdacarrier
=490  1\$6880-03$aKenkyū sōsho ;$v589
=650  07$6880-04$aAjia(Tōbu)-Kōgyō.$2jlabsh/4
=650  07$6880-05$aGijutsusha.$2jlabsh/4
=700  1\$6880-06$aSatō, Yukihito.
=830  \0$6880-97$aKenkyū sōsho ;$v589.
=856  4\$uhttp://www.bk1.jp/trcno/10065405/?partnerid=oclc&siteid=oclc$zJapanese record available for display
=880  00$6245-01$aアジアの産業発展と技術者 /$c佐藤幸人編.
=880  \\$6260-02$a千葉 :$bアジア経済研究所,$c2010.
=880  1\$6490-03$a研究双書 ;$v589
=880  07$6650-04$aアジア(東部)-工業.$2jlabsh/4
=880  07$6650-05$a技術者.$2jlabsh/4
=880  1\$6700-06$a佐藤幸人.
=880  \0$6830-97$a研究双書 ;$v589.
=852  41$aBritish Library$bOC$jS.T.100/196(589)
=CAT  \\$a2717$b40$c20110104$lBLL01$h1116
=CAT  \\$aWR12170$c20121116$lBLL01$h1704
=CAT  \\$aBATCH-UPD$b00$c20230504$lBLL01$h1710
=CAT  \\$aW2308-1659$c20230923$lBLL01$h1104
=SID  \\$aZ39$bOCLC
=STA  \\$aSUPPRESSED$bPreliminary Record
=LAS  \\$aW2308-1659$b00$c20230923$lBLL01$h1104

