=LDR  01923cam a2200493 a 4500
=001  015725312
=003  Uk
=005  20110104122302.0
=008  101213s2010\\\\ja\\\\\\\\\\\\000\0\jpn\d
=FMT  \\$a  BK
=020  \\$a9784258045884
=020  \\$a4258045888
=035  \\$a(OCoLC)692284878
=040  \\$aTRCLS$cTRCLS
=084  \\$a519.1$2njb/9
=245  00$6880-01$aChūgoku no mizu kankyō hozen to gabanansu :$btaiko ryūiki ni okeru seido kōchiku ni mukete /$cŌtsuka Kenji.
=260  \\$6880-02$a[S.l.] :$bAjiakeizaikenkyūjo,$c2010.
=300  \\$a274 p. ;$c22 cm.
=336  \\$atext$2rdacontent
=337  \\$aunmediated$2rdamedia
=338  \\$avolume$2rdacarrier
=490  1\$6880-03$aKenkyū sōsho ;$v588
=650  07$6880-04$aKankyō gyōsei-Chūgoku.$2jlabsh/4
=650  07$6880-05$aSuishitsu odaku.$2jlabsh/4
=650  07$6880-06$aTaiko.$2jlabsh/4
=700  1\$6880-07$aŌtsuka, Kenji.
=830  \0$6880-97$aKenkyū sōsho ;$v588.
=856  4\$uhttp://www.bk1.jp/trcno/10065055/?partnerid=oclc&siteid=oclc$zJapanese record available for display
=880  00$6245-01$a中国の水環境保全とガバナンス :$b太湖流域における制度構築に向けて /$c大塚健司編.
=880  \\$6260-02$a千葉 :$bアジア経済研究所,$c2010.
=880  1\$6490-03$a研究双書 ;$v588
=880  07$6650-04$a環境行政-中国.$2jlabsh/4
=880  07$6650-05$a水質污濁.$2jlabsh/4
=880  07$6650-06$a太湖.$2jlabsh/4
=880  1\$6700-07$a大塚健司.
=880  \0$6830-97$a研究双書 ;$v588.
=852  41$aBritish Library$bOC$jS.T.100/196(588)
=CAT  \\$a2717$b40$c20110104$lBLL01$h1223
=CAT  \\$aWR12170$c20121116$lBLL01$h1704
=CAT  \\$aBATCH-UPD$b00$c20150521$lBLL01$h2057
=CAT  \\$aW2308-1659$c20230923$lBLL01$h1104
=SID  \\$aZ39$bOCLC
=STA  \\$aSUPPRESSED$bPreliminary Record
=LAS  \\$aW2308-1659$b00$c20230923$lBLL01$h1104

