=LDR  01712cam a2200457 a 4500
=001  015726264
=003  Uk
=005  20110105152534.0
=008  101220s2010\\\\ja\\\\\\\\\\\\000\0\jpn\d
=FMT  \\$a  BK
=020  \\$a9784258045907
=020  \\$a425804590X
=035  \\$a(OCoLC)693762518
=040  \\$aTRCLS$cTRCLS
=084  \\$a335.227$2njb/9
=245  00$6880-01$aChūtō arabu shokoku ni okeru minkan bumon no hatten /$cTsuchiya Ichiki.
=260  \\$6880-02$a[S.l.] :$bAjiakeizaikenkyūjo,$c2010.
=300  \\$a218 p. ;$c22 cm.
=336  \\$atext$2rdacontent
=337  \\$aunmediated$2rdamedia
=338  \\$avolume$2rdacarrier
=490  1\$6880-03$aKenkyū sōsho ;$v590
=650  07$6880-04$aKigyō-Arabu shokoku.$2jlabsh/4
=700  1\$6880-05$aTsuchiya, Ichiki.
=830  \0$6880-97$aKenkyū sōsho ;$v590.
=856  4\$uhttp://www.bk1.jp/trcno/10066666/?partnerid=oclc&siteid=oclc$zJapanese record available for display
=880  00$6245-01$a中東アラブ諸国における民間部門の発展 /$c土屋一樹編.
=880  \\$6260-02$a千葉 :$bアジア経済研究所,$c2010.
=880  1\$6490-03$a研究双書 ;$v590
=880  07$6650-04$a企業-アラブ諸国.$2jlabsh/4
=880  1\$6700-05$a土屋一樹.
=880  \0$6830-97$a研究双書 ;$v590.
=852  41$aBritish Library$bOC$jS.T.100/196(590)
=CAT  \\$a2717$b40$c20110105$lBLL01$h1525
=CAT  \\$aBATCH-UPD$b40$c20110304$lBLL01$h2019
=CAT  \\$aWR12170$c20121116$lBLL01$h1704
=CAT  \\$aBATCH-UPD$b00$c20230504$lBLL01$h1710
=CAT  \\$aW2308-1659$c20230923$lBLL01$h1104
=SID  \\$aZ39$bOCLC
=STA  \\$aSUPPRESSED$bPreliminary Record
=LAS  \\$aW2308-1659$b00$c20230923$lBLL01$h1104

