=LDR  02090 as a2200505 a 4500
=001  015727093
=003  Uk
=005  20120912142809.0
=006  m\\\\\\\\d\|\\\\\\
=007  co||||||||||||
=008  110107d2002200uenkfr\p\s\\\\\0\\\a0eng\\
=040  \\$aUk$beng$cUk
=042  \\$aukblsr
=082  04$a304.605$222
=130  0\$aJackdaw (Manchester, England)
=245  10$aJackdaw$h[electronic resource].
=260  \\$a[Manchester] :$b[Optimum Population Trust],$c2002-
=310  \\$aSemi-annual
=336  \\$atext$2rdacontent
=337  \\$acomputer$2rdamedia
=338  \\$acomputer disc$2rdacarrier
=362  0\$aNo. 1 ([Aug. 2002])-
=362  1\$aCeased in 2010?
=533  \\$aElectronic reproduction.$mNo. 1 ([Aug. 2002])-no. 17 (Aug. 2010).$b[Manchester] :$cOPT,$d2010$e1 CD-ROM ; 4 3/4 in.$nMode of access: World Wide Web.$nSystem requirements: Microsoft WORD; Adobe Acrobat Reader.
=550  \\$aMembers' magazine of the Optimum Population Trust.
=650  \0$aPopulation$vPeriodicals.
=650  \0$aDemography$vPeriodicals.
=710  2\$aOptimum Population Trust.
=852  41$aBritish Library$bHMNTS$jEC.9.x.872$3Nos 1-17 (2010)
=856  00$uinfo@optimumpopulation.org$zTo subscribe
=985  \\$aFirst few issues just titled "Jackdaw"; Issues 1-14 not available in print, so publr has put these on CD-ROM for us; vol. 17 is Aug not Dec; when print catalogued use same UT and don't add (Online) - not needed for reproduction; no ISSN needed.
=CAT  \\$a3072$b40$c20110107$lBLL01$h1236
=CAT  \\$a3072$b40$c20110107$lBLL01$h1244
=CAT  \\$a3072$b40$c20110107$lBLL01$h1246
=CAT  \\$a3072$b40$c20110107$lBLL01$h1701
=CAT  \\$a3072$b40$c20110107$lBLL01$h1720
=CAT  \\$a7332$b40$c20110111$lBLL01$h1123
=CAT  \\$a7778$b40$c20120912$lBLL01$h1427
=CAT  \\$a7778$b40$c20120912$lBLL01$h1428
=CAT  \\$aW1711-1225$c20171203$lBLL01$h1041
=FIN  \\$aY$d20110107
=FMT  \\$a  SE
=LAS  \\$aW1711-1225$b00$c20171203$lBLL01$h1041
=STA  \\$aSUPPRESSED$bunable to determine reason for suppression
=TCO  \\$aCLA$bCLA$c008

