=LDR  01966 ai a2200457 a 4500
=001  015751851
=003  Uk
=005  20110304165826.0
=006  m\\\\\\\\d\|\\\\\\
=007  cr||||||||||||
=008  110214c201u9999enkuu\d\s\\\\\0\\\a2eng\\
=015  \\$aGBB129934$2bnb
=040  \\$aUk$beng$cUk
=042  \\$aukblsr
=082  04$a942.1081$222
=245  00$aLondon low life$h[electronic resource] :$bstreet culture, social reform and the Victorian underworld.
=260  \\$aMarlborough :$bAdam Matthew Digital
=336  \\$atext$2rdacontent
=337  \\$acomputer$2rdamedia
=338  \\$aonline resource$2rdacarrier
=500  \\$aTitle from home page (viewed Mar. 4, 2011).
=520  \\$aLondon Low Life is a full-text searchable resource, containing colour digital images of rare books, ephemera, maps and other materials relating to 18th, 19th and early 20th century London.
=538  \\$aMode of access: World Wide Web.
=651  \0$aLondon (England)$xSocial conditions$y19th century$vDatabases.
=651  \0$aLondon (England)$xSocial conditions$y18th century$vDatabases.
=651  \0$aLondon (England)$xHistory$y19th century$vSources$vDatabases.
=651  \0$aLondon (England)$xHistory$y18th century$vSources$vDatabases.
=651  \0$aLondon (England)$xSocial life and customs$y19th century$vDatabases.
=651  \0$aLondon (England)$xSocial life and customs$y18th century$vDatabases.
=852  41$aBritish Library$bHMNTS$je-media
=856  40$uhttp://www.londonlowlife.amdigital.co.uk/Default.aspx$zFor subscribers only; BL Reading Room access
=CAT  \\$a10902$b40$c20110214$lBLL01$h1319
=CAT  \\$a3072$b40$c20110304$lBLL01$h1650
=CAT  \\$a3072$b40$c20110304$lBLL01$h1654
=CAT  \\$a3072$b40$c20110304$lBLL01$h1658
=CAT  \\$aBATCH-UPD$b40$c20131021$lBLL01$h1141
=FIN  \\$aY$d20110304
=FMT  \\$a  SE
=LAS  \\$aBATCH-UPD$b40$c20131021$lBLL01$h1141
=STA  \\$aSUPPRESSED$bDatabase
=TCO  \\$aCLA$bCLA$c008

