=LDR  01861 am a2200481 a 4500
=001  015755859
=003  Uk
=005  20110217165158.0
=008  110214s2011\\\\ja\\\\\\\\\\\\000\0\jpn\d
=020  \\$a9784258045921
=020  \\$a4258045926
=035  \\$a(OCoLC)701703426
=040  \\$aTRCLS$cTRCLS
=084  \\$a333.6$2njb/9
=245  00$6880-01$aGurōbaru kyōsō ni uchikatsu teishotokukoku :$bshinjidai no yushutsu shikō kaihatsu senryaku /$cYamagata Tatsufumi.
=260  \\$6880-02$a[S.l.] :$bAjiakeizaikenkyūjo,$c2011.
=300  \\$a237 p. ;$c22 cm.
=336  \\$atext$2rdacontent
=337  \\$aunmediated$2rdamedia
=338  \\$avolume$2rdacarrier
=490  1\$6880-03$aKenkyū sōsho ;$v592
=650  07$6880-04$aBōeki.$2jlabsh/4
=650  07$6880-05$aKeizai hatten.$2jlabsh/4
=650  07$6880-06$aHatten tojōkoku.$2jlabsh/4
=700  1\$6880-07$aYamagata, Tatsufumi.
=830  \0$6880-97$aKenkyū sōsho ;$v592.
=852  \\$aBritish Library$bOC$jS.T.100/196(592)
=856  4\$uhttp://www.bk1.jp/trcno/11005872/?partnerid=oclc&siteid=oclc$zJapanese record available for display
=880  00$6245-01$aグローバル競争に打ち勝つ低所得国 :$b新時代の輸出指向開発戦略 /$c山形辰史編.
=880  \\$6260-02$a千葉 :$bアジア経済研究所,$c2011.
=880  1\$6490-03$a研究双書 ;$v592
=880  07$6650-04$a貿易.$2jlabsh/4
=880  07$6650-05$a経済発展.$2jlabsh/4
=880  07$6650-06$a発展途上国.$2jlabsh/4
=880  1\$6700-07$a山形辰史.
=880  \0$6830-97$a研究双書 ;$v592.
=CAT  \\$a2717$b40$c20110217$lBLL01$h1651
=CAT  \\$aWR12170$c20121116$lBLL01$h1704
=CAT  \\$aBATCH-UPD$b00$c20161026$lBLL01$h2027
=FMT  \\$a  BK
=LAS  \\$aBATCH-UPD$b00$c20161026$lBLL01$h2027
=SID  \\$aZ39$bOCLC
=STA  \\$aSUPPRESSED$bPreliminary Record

