=LDR  01747cam a2200457 a 4500
=001  015759930
=003  Uk
=005  20110224131324.0
=008  110117s2010\\\\ja\\\\\\\\\\\\000\0\jpn\d
=FMT  \\$a  BK
=020  \\$a9784258045914
=020  \\$a4258045918
=035  \\$a(OCoLC)697122759
=040  \\$aTRCLS$cTRCLS
=084  \\$a332.2$2njb/9
=245  00$6880-01$aKokusai shikin idō to higashiajia shinkōkoku no keizai kōzō henka /$cKunimune Kōzō.
=260  \\$6880-02$a[S.l.] :$bAjiakeizaikenkyūjo,$c2010.
=300  \\$a377 p. ;$c22 cm.
=336  \\$atext$2rdacontent
=337  \\$aunmediated$2rdamedia
=338  \\$avolume$2rdacarrier
=490  1\$6880-03$aKenkyū sōsho ;$v591
=650  07$6880-04$aAjia(Tōbu)-Keizai.$2jlabsh/4
=650  07$6880-05$aKokusai shihon idō.$2jlabsh/4
=700  1\$6880-06$aKunimune, Kōzō.
=830  \0$6880-97$aKenkyū sōsho ;$v591.
=856  4\$uhttp://www.bk1.jp/trcno/11001587/?partnerid=oclc&siteid=oclc$zJapanese record available for display
=880  00$6245-01$a国際資金移動と東アジア新興国の経済構造変化 /$c国宗浩三編.
=880  \\$6260-02$a千葉 :$bアジア経済研究所,$c2010.
=880  1\$6490-03$a研究双書 ;$v591
=880  07$6650-04$aアジア(東部)-経済.$2jlabsh/4
=880  07$6650-05$a国際資本移動.$2jlabsh/4
=880  1\$6700-06$a国宗浩三.
=880  \0$6830-97$a研究双書 ;$v591.
=852  41$aBritish Library$bOC$jS.T.100/196(591)
=CAT  \\$a2717$b40$c20110224$lBLL01$h1313
=CAT  \\$aWR12170$c20121116$lBLL01$h1704
=CAT  \\$aBATCH-UPD$b00$c20230504$lBLL01$h1710
=SID  \\$aZ39$bOCLC
=STA  \\$aSUPPRESSED$bPreliminary Record
=LAS  \\$aBATCH-UPD$b00$c20230504$lBLL01$h1710

