=LDR  01846cam a2200457 a 4500
=001  015760058
=003  Uk
=005  20110224153943.0
=008  110214s2011\\\\ja\\\\\\\\\\\\000\0\jpn\d
=FMT  \\$a  BK
=020  \\$a9784258045938
=020  \\$a4258045934
=035  \\$a(OCoLC)701703428
=040  \\$aTRCLS$cTRCLS
=084  \\$a332.21$2njb/9
=100  1\$6880-01$aNakagawa, Masahiko.
=245  10$6880-02$aChōsen shakai shugi keizai no risō to genjitsu :$bchōsen minshu shugi jinmin kyōwakoku ni okeru sangyō kōzō to keizai kanri /$cNakagawa Masahiko.
=260  \\$6880-03$a[S.l.] :$bAjiakeizaikenkyūjo,$c2011.
=300  \\$a237 p. ;$c22 cm.
=336  \\$atext$2rdacontent
=337  \\$aunmediated$2rdamedia
=338  \\$avolume$2rdacarrier
=490  1\$6880-04$aKenkyū sōsho ;$v593
=650  07$6880-05$aChōsen(Kita)-Keizai.$2jlabsh/4
=830  \0$6880-96$aKenkyū sōsho ;$v593.
=856  4\$uhttp://www.bk1.jp/trcno/11005874/?partnerid=oclc&siteid=oclc$zJapanese record available for display
=880  1\$6100-01$a中川雅彦.
=880  10$6245-02$a朝鮮社会主義経済の理想と現実 :$b朝鮮民主主義人民共和国における産業構造と経済管理 /$c中川雅彦著.
=880  \\$6260-03$a千葉 :$bアジア経済研究所,$c2011.
=880  1\$6490-04$a研究双書 ;$v593
=880  \\$6500-00$a文献:p221-237
=880  07$6650-05$a朝鮮(北)-経済.$2jlabsh/4
=880  \0$6830-96$a研究双書 ;$v593.
=852  41$aBritish Library$bOC$jS.T.100/196(593)
=CAT  \\$a2717$b40$c20110224$lBLL01$h1539
=CAT  \\$aBATCH-UPD$b40$c20110224$lBLL01$h1540
=CAT  \\$aWR12170$c20121116$lBLL01$h1704
=CAT  \\$aBATCH-UPD$b00$c20230504$lBLL01$h1710
=SID  \\$aZ39$bOCLC
=STA  \\$aSUPPRESSED$bPreliminary Record
=LAS  \\$aBATCH-UPD$b00$c20230504$lBLL01$h1710

