=LDR  02202 am a2200577 a 4500
=001  015765468
=003  Uk
=005  20110307123031.0
=008  100906s2010\\\\ja\a\\\\\b\\\\000\0bjpn\c
=020  \\$a9784642052580
=020  \\$a4642052585
=035  \\$a(OCoLC)662401739
=040  \\$aJaToTRC$cTRCLS$dZCU$dUMC
=042  \\$apcc
=043  \\$aa-ja---
=050  \4$aDS872.M317$bO56 2010
=084  \\$a289.1$2njb/9
=100  1\$6880-01$aŌno, Mizuo,$d1931-
=245  10$6880-02$aMatsudaira Nobutsuna /$cŌno Mizuo ; Nihon Rekishi Gakkai henshū.
=250  \\$6880-03$aDai 1-han.
=260  \\$6880-04$aTōkyō :$bYoshikawa Kōbunkan,$c2010.
=300  \\$a16, 302 p. :$bill. ;$c19 cm.
=336  \\$atext$2rdacontent
=337  \\$aunmediated$2rdamedia
=338  \\$avolume$2rdacarrier
=490  1\$6880-05$aJinbutsu sōsho, shinsōban ;$v[tsūkan 265]
=504  \\$aIncludes bibliographical references (p. 299-302 (2nd group)).
=600  10$6880-06.$aMatsudaira, Nobutsuna,$d1596-1662
=650  \0$aDaimyo$vBiography.
=651  \0$aJapan$xPolitics and government$y17th century.
=710  2\$6880-07$aNihon Rekishi Gakkai.
=830  \0$6880-08$aJinbutsu sōsho (Shinsōban)$vtsūkan 265.
=852  41$aBritish Library$bOC$j16236.d.265
=856  4\$uhttp://www.bk1.jp/trcno/10045229/?partnerid=oclc&siteid=oclc$zJapanese record available for display
=880  1\$6100-01$a大野瑞男,$d1931-
=880  10$6245-02$a松平信綱 /$c大野瑞男 ; 日本歴史学会編集.
=880  \\$6250-03$a第1版.
=880  \\$6260-04$a東京 :$b吉川弘文館,$c2010.
=880  1\$6490-05$a人物叢書, 新装版 ;$v[通卷265]
=880  14$6600-06$a松平信綱,$d1596-1662.
=880  2\$6710-07$a日本歴史学会.
=880  \0$6830-08$a人物叢書 (Shinsōban) ;$v通卷265.
=CAT  \\$a2717$b40$c20110307$lBLL01$h1230
=CAT  \\$aBATCH-UPD$b40$c20110307$lBLL01$h1231
=CAT  \\$aWR12170$c20121116$lBLL01$h1704
=CAT  \\$aBATCH-UPD$b00$c20121116$lBLL01$h1828
=CAT  \\$aBATCH-UPD$b00$c20170917$lBLL01$h2102
=FMT  \\$a  BK
=LAS  \\$aBATCH-UPD$b00$c20170917$lBLL01$h2102
=SID  \\$aZ39$bOCLC
=STA  \\$aSUPPRESSED$bPreliminary Record

