=LDR  01790 am a2200457 a 4500
=001  015783550
=003  Uk
=005  20110401175046.0
=008  110321s2011\\\\ja\\\\\\\\\\\\000\0\jpn\d
=020  \\$a9784258045945
=020  \\$a4258045942
=035  \\$a(OCoLC)707960807
=040  \\$aTRCLS$cTRCLS
=084  \\$a364.02$2njb/9
=245  00$6880-01$aShinkō shokoku ni okeru kōreisha seikatsu hoshō seido :$bhihanteki shakai rōnengaku kara no sekkin /$cUsami Kōichi.
=260  \\$6880-02$a[S.l.] :$bAjiakeizaikenkyūjo,$c2011.
=300  \\$a273 p. ;$c22 cm.
=336  \\$atext$2rdacontent
=337  \\$aunmediated$2rdamedia
=338  \\$avolume$2rdacarrier
=490  1\$6880-03$aKenkyū sōsho ;$v594
=650  07$6880-04$aShakai hoshō.$2jlabsh/4
=650  07$6880-05$aKōreisha fukushi.$2jlabsh/4
=700  1\$6880-06$aUsami, Kōichi.
=830  \0$6880-97$aKenkyū sōsho ;$v594.
=852  41$aBritish Library$bOC$jS.T.100/196(594)
=856  4\$uhttp://www.bk1.jp/trcno/11012660/?partnerid=oclc&siteid=oclc$zJapanese record available for display
=880  00$6245-01$a新興諸国における高齢者生活保障制度 :$b批判的社会老年学からの接近 /$c宇佐見耕一編.
=880  \\$6260-02$a千葉 :$bアジア経済研究所,$c2011.
=880  1\$6490-03$a研究双書 ;$v594
=880  07$6650-04$a社会保障.$2jlabsh/4
=880  07$6650-05$a高齢者福祉.$2jlabsh/4
=880  1\$6700-06$a宇佐見耕一.
=880  \0$6830-97$a研究双書 ;$v594.
=CAT  \\$a2717$b40$c20110401$lBLL01$h1750
=CAT  \\$aWR12170$c20121116$lBLL01$h1704
=CAT  \\$aBATCH-UPD$b00$c20170607$lBLL01$h2022
=FMT  \\$a  BK
=LAS  \\$aBATCH-UPD$b00$c20170607$lBLL01$h2022
=SID  \\$aZ39$bOCLC
=STA  \\$aSUPPRESSED$bPreliminary Record

