=LDR  01782 ai a2200457 a 4500
=001  015792172
=003  Uk
=005  20110607151921.0
=008  110415c200u9999gw\\x\d\s\\\\\0\\\a2ger\\
=040  \\$aUk$cUk
=042  \\$aukblsr
=245  04$aDie Akten des Kaiserlichen Reichhofrats$h[electronic resource] :$b(RHR).
=246  3\$aRHR
=260  \\$aBerlin :$bErich Schmidt Verlag
=336  \\$atext$2rdacontent
=337  \\$acomputer$2rdamedia
=338  \\$aonline resource$2rdacarrier
=500  \\$aTitle from Inhalt page (viewed June 6, 2011).
=520  \\$aAn online edition of the documents of the Reichshofrat ('Aulic Council') of the Holy Roman Empire; covers 1486-1766.
=538  \\$aMode of access: World Wide Web.
=546  \\$aContent and interface are in German only.
=610  10$aHoly Roman Empire.$bReichshofrat$vHistory$vSources$vDatabases.
=650  \0$aLaw$zHoly Roman Empire$vDatabases.
=650  \0$aCourts$zHoly Roman Empire$vDatabases.
=852  41$aBritish Library$bHMNTS$je-media
=856  40$uhttp://www.rhrdigital.de/inhalt.html$zFor subscribers only; login and password required; BL Reading Room access
=CAT  \\$a10902$b40$c20110415$lBLL01$h0814
=CAT  \\$a3072$b40$c20110606$lBLL01$h1753
=CAT  \\$a3072$b40$c20110606$lBLL01$h1756
=CAT  \\$a3072$b40$c20110607$lBLL01$h1350
=CAT  \\$a3072$b40$c20110607$lBLL01$h1452
=CAT  \\$a3072$b40$c20110607$lBLL01$h1455
=CAT  \\$a3072$b40$c20110607$lBLL01$h1519
=CAT  \\$aBATCH-UPD$b40$c20131021$lBLL01$h1141
=CAT  \\$aWR14_185$c20160214$lBLL01$h1233
=CAT  \\$aWR14_185$c20160214$lBLL01$h1239
=FIN  \\$aY$d20110607
=FMT  \\$a  SE
=LAS  \\$aWR14_185$b00$c20160214$lBLL01$h1239
=STA  \\$aSUPPRESSED$bDatabase
=TCO  \\$aDEU$bVG WORT$c008

