=LDR  02500 am a2200457 a 4500
=001  015798384
=003  Uk
=005  20110503133326.0
=008  100712s2010\\\\ja\a\\\\\bc\\\000\0\jpn\d
=020  \\$a9784875826958
=020  \\$a4875826958
=035  \\$a(OCoLC)647081033
=040  \\$aTRCLS$cTRCLS$dNDD
=041  0\$ajpn$aeng$akor
=050  \4$aPZ49.2$b.N546 2010
=084  \\$a019.5$2njb/9
=245  00$6880-01$aNihon-hatsu kodomo no hon, umi o wataru :$bKokuritsu Kokkai Toshokan Kokusai Kodomo Toshokan kaikan 10-shūnen oyobi Kokumin Dokushonen kinen tenjikai /$c[henshū Kokuritsu Kokkai Toshokan kokusai Kodomo Toshokan].
=246  31$aChildren's books going overseas from Japan : exhibition commemorating the 10th anniversary of the opening of the International Library of Children's Literature and the National Year of Reading
=260  \\$6880-02$aTōkyō :$bKokuritsu Kokkai Toshokan kokusai Kodomo Toshokan,$c2010.
=300  \\$a80 p. :$bchiefly col. ill. ;$c30 cm.
=336  \\$atext$2rdacontent
=337  \\$aunmediated$2rdamedia
=338  \\$avolume$2rdacarrier
=500  \\$aCover title.
=500  \\$6880-03$aCatalog of an exhibition held at Kokusai Kodomo Toshokan, Feb. 20-Sept. 5, 2010.
=650  \0$aChildren's literature, Japanese$vExhibitions.
=650  \0$aChildren's literature$vExhibitions.
=710  2\$6880-04$aKokusai Kodomo Toshokan (Japan)
=852  41$aBritish Library$bOC$jYP.2011.b.263
=856  4\$uhttp://www.bk1.jp/trcno/10103639/?partnerid=oclc&siteid=oclc$zJapanese record available for display
=880  00$6245-01$a日本発子どもの本、海を渡る :$b国立国会図書館国際子ども図書館開館10周年及び国民読書年記念展示会 = Children's books going overseas from Japan : exhibition commemorating the 10th anniversary of the opening of the International Library of Children's Literature and the National Year of Reading /$c[編集・国立国会図書館国際子ども図書館].
=880  \\$6260-02$a東京 :$b国立国会図書館国際子ども図書館,$c2010.
=880  \\$6500-03$aCatalog of an exhibition held at 国際子ども図書館, Feb. 20-Sept. 5, 2010.
=880  2\$6710-04$a国際子ども図書館 (Japan)
=CAT  \\$a2717$b40$c20110503$lBLL01$h1333
=CAT  \\$aBATCH-UPD$b40$c20110503$lBLL01$h1334
=CAT  \\$aWR12170$c20121116$lBLL01$h1704
=FMT  \\$a  BK
=LAS  \\$aWR12170$b00$c20121116$lBLL01$h1704
=SID  \\$aZ39$bOCLC
=STA  \\$aSUPPRESSED$bPreliminary Record

