=LDR  01826 am a2200493 a 4500
=001  015808107
=003  Uk
=005  20110517131625.0
=008  101011s2010\\\\ja\a\\\\\b\\\\001\0djpn\c
=020  \\$a9784784215362
=020  \\$a4784215360
=035  \\$a(OCoLC)669741171
=040  \\$aJaToTRC$cTRCLS$dZCU
=042  \\$apcc
=043  \\$aa-ja---
=050  \4$aDS860.G65$bT36 2010
=084  \\$a288.41$2njb/9
=100  1\$6880-01$aTani, Noboru,$d1939-
=245  10$6880-02$aGotoba insei no tenkai to girei /$cTani Noboru cho.
=260  \\$6880-03$aKyōto-shi :$bShibunkaku Shuppan,$c2010.
=300  \\$av, 309, xi p. :$bill. ;$c22 cm.
=336  \\$atext$2rdacontent
=337  \\$aunmediated$2rdamedia
=338  \\$avolume$2rdacarrier
=504  \\$aIncludes bibliographical references and indexes.
=600  14$6880-04$aGotoba tennō.
=600  00$6880-05.$aGotoba,$cEmperor of Japan,$d1180-1239
=651  \0$aJapan$xPolitics and government$y1185-1333.
=852  41$aBritish Library$bOC$jJPN.2011.a.182
=856  4\$uhttp://www.bk1.jp/trcno/10052260/?partnerid=oclc&siteid=oclc$zJapanese record available for display
=880  1\$6100-01$a谷昇,$d1939-
=880  10$6245-02$a後鳥羽院政の展開と儀礼 /$c谷昇著.
=880  \\$6260-03$a京都市 :$b思文閣出版,$c2010.
=880  \\$6500-00$a"後鳥羽上皇関係年表(稿):p238-303"--JaToTRC rept.
=880  14$6600-04$a後鳥羽天皇.
=880  04$6600-05$a後鳥羽,$cEmperor of Japan,$d1180-1239.
=CAT  \\$a2717$b40$c20110517$lBLL01$h1316
=CAT  \\$aBATCH-UPD$b40$c20110517$lBLL01$h1317
=CAT  \\$aWR12170$c20121116$lBLL01$h1704
=CAT  \\$aBATCH-UPD$b00$c20121116$lBLL01$h1829
=FMT  \\$a  BK
=LAS  \\$aBATCH-UPD$b00$c20121116$lBLL01$h1829
=SID  \\$aZ39$bOCLC
=STA  \\$aSUPPRESSED$bPreliminary Record

