=LDR  01939 am a2200445 a 4500
=001  015839301
=003  Uk
=005  20110701143526.0
=008  110613s2011\\\\ja\\\\\\\\\\\\000\0\jpn\d
=020  \\$a9784903235189
=020  \\$a4903235181
=035  \\$a(OCoLC)730401728
=040  \\$aTRCLS$cTRCLS
=084  \\$a210.74$2njb/9
=245  00$6880-01$aKiiroi daichi ni nihonjin ga yattekita :$bchūgoku sanseishō sankō sakusen no mura no kioku /$cŌno Noriko.
=260  \\$6880-02$aTōkyō :$bTōkyōdaigakutōyōgakukenkyūjofuzokutōyōgakukenkyūjōhōsentā,$c2011.
=300  \\$a322 p. ;$c26 cm.
=336  \\$atext$2rdacontent
=337  \\$aunmediated$2rdamedia
=338  \\$avolume$2rdacarrier
=490  1\$6880-03$aTōyōgaku kenkyū jōhō sentā sōkan ;$v13
=650  07$6880-04$aNitchū sensō.$2jlabsh/4
=700  1\$6880-05$aŌno, Noriko.
=830  \0$6880-97$aTōyōgaku Kenkyū Jōhō Sentā sōkan$v13.
=852  41$aBritish Library$bOC$jZOR.2002.a.47/13
=856  4\$uhttp://www.bk1.jp/trcno/11103426/?partnerid=oclc&siteid=oclc$zJapanese record available for display
=880  00$6245-01$a黄色い大地に日本人がやって来た :$b中国山西省三光作戦の村の記憶 /$c大野のり子編.
=880  \\$6260-02$a東京 :$b東京大学東洋学研究所附属東洋学研究情報センター,$c2011.
=880  1\$6490-03$a東洋学研究情報センター叢刊 ;$v13
=880  \\$6500-00$a本文は中国語
=880  07$6650-04$a日中戦争(1937-1945).$2jlabsh/4
=880  1\$6700-05$a大野のり子.
=880  \0$6830-97$a東洋学研究情報センター叢刊 ;$v13.
=CAT  \\$a2717$b40$c20110701$lBLL01$h1435
=CAT  \\$aWR12170$c20121116$lBLL01$h1704
=CAT  \\$aBATCH-UPD$b00$c20161030$lBLL01$h2100
=FMT  \\$a  BK
=LAS  \\$aBATCH-UPD$b00$c20161030$lBLL01$h2100
=SID  \\$aZ39$bOCLC
=STA  \\$aSUPPRESSED$bPreliminary Record

