=LDR  01465 am a2200397 a 4500
=001  015853679
=003  Uk
=005  20110722123530.0
=008  110627s2011\\\\ja\\\\\\\\\\\\000\0\jpn\d
=020  \\$a9784875827092
=020  \\$a4875827091
=035  \\$a(OCoLC)733228349
=040  \\$aTRCLS$cTRCLS
=084  \\$a302.22$2njb/9
=245  00$6880-01$aSekai no naka no chūgoku :$bsōgō chōsa hōkokusho.
=260  \\$6880-02$aTōkyō :$bKokuritsukokkaitoshokanchōsaoyobirippōkōsakyoku,$c2011.
=300  \\$a273 p. ;$c30 cm.
=336  \\$atext$2rdacontent
=337  \\$aunmediated$2rdamedia
=338  \\$avolume$2rdacarrier
=490  1\$6880-03$aChōsa shiryō ;$v2010-2
=650  07$6880-04$aChūgoku.$2jlabsh/4
=830  \0$6880-97$aChōsa shiryō ;$v2010-2.
=852  41$aBritish Library$bOC$jS.T.79/2
=856  4\$uhttp://www.bk1.jp/trcno/11103677/?partnerid=oclc&siteid=oclc$zJapanese record available for display
=880  00$6245-01$a世界の中の中国 :$b総合調查報告書.
=880  \\$6260-02$a東京 :$b国立国会図書館調查及び立法考查局,$c2011.
=880  1\$6490-03$a調查資料 ;$v2010-2
=880  07$6650-04$a中国.$2jlabsh/4
=880  \0$6830-97$a調查資料 ;$v2010-2.
=CAT  \\$a2717$b40$c20110722$lBLL01$h1235
=CAT  \\$aWR12170$c20121116$lBLL01$h1704
=FMT  \\$a  BK
=LAS  \\$aWR12170$b00$c20121116$lBLL01$h1704
=SID  \\$aZ39$bOCLC
=STA  \\$aSUPPRESSED$bPreliminary Record

