=LDR  02263 am a2200601 a 4500
=001  015859373
=003  Uk
=005  20110802113044.0
=008  101206s2010\\\\ja\a\\\\\b\\\\000\0bjpn\c
=020  \\$a9784642052597
=020  \\$a4642052593
=035  \\$a(OCoLC)692271209$z(OCoLC)695283916
=040  \\$aTRCLS$cTRCLS$dNDD$dCLU$dLWU$dLOA$dUMC$dIUL
=042  \\$apcc
=043  \\$aa-ja---
=050  \4$aPL785.8.Z5$bI536 2010
=082  \4$aDB911.122
=084  \\$a911.122$2njb/9
=084  \\$a911.122$2njb
=100  1\$6880-01$aInaoka, Kōji,$d1929-
=245  10$6880-02$aYamanoue no Okura /$cInaoka Kōji ; Nihon Rekishi Gakkai henshū.
=246  3\$aYamanoue Okura
=250  \\$6880-03$aDai 1-han.
=260  \\$6880-04$aTōkyō :$bYoshikawa Kōbunkan,$c2010.
=300  \\$a18, 330 p. :$bill. ;$c19 cm.
=336  \\$atext$2rdacontent
=337  \\$aunmediated$2rdamedia
=338  \\$avolume$2rdacarrier
=490  1\$6880-05$aJinbutsu sōsho, shinsōban ;$v[tsūkan 266]
=504  \\$aIncludes bibliographical references (p. 320-330).
=600  10$6880-06.$aYamanoue, Okura,$d660?-733?
=650  \0$aPoets, Japanese$yTo 794$vBiography.
=710  2\$6880-07$aNihon Rekishi Gakkai.
=830  \0$6880-08$aJinbutsu sōsho (Shinsōban)$vtsūkan 266.
=852  41$aBritish Library$bOC$j16236.d.266
=856  4\$uhttp://www.bk1.jp/trcno/10062490/?partnerid=oclc&siteid=oclc$zJapanese record available for display
=880  1\$6100-01$a稲岡耕二,$d1929-
=880  10$6245-02$a山上憶良 /$c稲岡耕二 ;日本歴史学会編集.
=880  \\$6250-03$a第1版.
=880  \\$6260-04$a東京 :$b吉川弘文館,$c2010.
=880  1\$6490-05$a人物叢書, 新装版 ;$v[通卷266]
=880  14$6600-06$a山上憶良,$d660?-733?
=880  2\$6710-07$a日本歴史学会.
=880  \0$6830-08$a人物叢書 (Shinsōban) ;$v通卷266.
=CAT  \\$a2717$b40$c20110802$lBLL01$h1130
=CAT  \\$aBATCH-UPD$b40$c20110802$lBLL01$h1131
=CAT  \\$aWR12170$c20121116$lBLL01$h1705
=CAT  \\$aBATCH-UPD$b00$c20121116$lBLL01$h1831
=CAT  \\$aBATCH-UPD$b00$c20170917$lBLL01$h2102
=FMT  \\$a  BK
=LAS  \\$aBATCH-UPD$b00$c20170917$lBLL01$h2102
=SID  \\$aZ39$bOCLC
=STA  \\$aSUPPRESSED$bPreliminary Record

