=LDR  02736 am a2200517 a 4500
=001  015902737
=003  Uk
=005  20111004113239.0
=008  110725s2011\\\\ja\\\\\\\b\\\\000\0\jpn\d
=020  \\$a9784877852481
=020  \\$a4877852484
=035  \\$a(OCoLC)742508826
=040  \\$aTRCLS$cTRCLS$dPIT$dUMC
=043  \\$aa-ja---
=084  \\$a210.75$2njb/9
=245  00$6880-01$aKenshō Ajia Taiheiyō Sensō /$chenshū iin Akazawa Shirō ... [et al.].
=260  \\$6880-02$aTōkyō :$bGendai Shiryō Shuppan :$bHatsubai Azuma Shuppan,$c2011.
=300  \\$aiv, 286 p. ;$c21 cm.
=336  \\$atext$2rdacontent
=337  \\$aunmediated$2rdamedia
=338  \\$avolume$2rdacarrier
=490  1\$6880-03$aNenpō Nihon gendaishi ;$vdai 16-gō
=504  \\$aIncludes bibliographical references.
=650  \0$aWorld War, 1939-1945$zJapan.
=650  07$6880-04$aTaiheiyō sensō.$2jlabsh/4
=651  \0$aJapan$xForeign relations$y1912-1945.
=651  \0$aJapan$xSocial conditions$y1912-1945.
=700  1\$6880-05$aAkazawa, Shirō,$d1948-
=830  \0$6880-06$aNenpō Nihon gendaishi$v16.
=852  41$aBritish Library$bOC$jZP.9.a.41/16
=856  4\$uhttp://www.bk1.jp/trcno/11036683/?partnerid=oclc&siteid=oclc$zJapanese record available for display
=880  00$6245-01$a検証アジア・太平洋戦争 /$c編集委員赤澤史朗 ... [et al.].
=880  \\$6260-02$a東京 :$b現代史料出版 :$b発売東出版,$c2011.
=880  1\$6490-03$a年報日本現代史 ;$v第16号
=880  0\$6505-00$a特集にあたって / 吉田裕 -- 日本外務省の対外戦略の競合とその帰結一九三三~一九三八 / 武田知己 -- 日独伊三国同盟をめぐる蒋介石の多角外交 : 中国指導者の内面から見た太平洋戦争への転換期 / 鹿錫俊 -- 海軍の対米開戦決意 / 手嶋泰伸 -- 戦争と財閥 : 三井財閥の事業拡大・変容と再編成 / 春日豊 -- 音楽のアジア・太平洋戦争 / 戶ノ下達也 -- 定年, 退職とその後 / 粟屋憲太郎 -- 「応召代議士」をめぐる前線と銃後 : 濱田尚友の場合 / 官田光史 -- 太平洋戦争と山陽パルプ工業の株主総会 : 株主は影響力を失ったか / 加藤健太.
=880  07$6650-04$a太平洋戦争(1941-1945).$2jlabsh/4
=880  1\$6700-05$a赤澤史朗,$d1948-
=880  \0$6830-06$a年報日本現代史 ;$v16.
=CAT  \\$a2717$b40$c20111004$lBLL01$h1132
=CAT  \\$aBATCH-UPD$b40$c20111004$lBLL01$h1132
=CAT  \\$aWR12170$c20121116$lBLL01$h1705
=CAT  \\$aBATCH-UPD$b00$c20160603$lBLL01$h2039
=FMT  \\$a  BK
=LAS  \\$aBATCH-UPD$b00$c20160603$lBLL01$h2039
=SID  \\$aZ39$bOCLC
=STA  \\$aSUPPRESSED$bPreliminary Record

