=LDR  02261cam a2200601 a 4500
=001  015953161
=003  Uk
=005  20120524143310.0
=008  110523s2011\\\\ja\a\\\\\\\\\\000\0\jpn\\
=FMT  \\$a  BK
=010  \\$a2011406730
=020  \\$a9784473037350
=020  \\$a4473037355
=035  \\$a(OCoLC)729721627
=040  \\$aUk$beng$cUk
=041  0\$ajpn$aeng
=042  \\$aukblsr
=042  \\$apcc
=043  \\$aa-ja---
=050  00$aNK6080$b.M87 2011
=100  1\$6880-01$aMurata, Masayuki,$d1950-
=245  10$6880-02$aInrō meihinshū =$bInro masterpieces /$cMurata Masayuki.
=246  31$aInro masterpieces
=246  15$6880-03$aKiyomizu Sannenzaka Bijutsiukan korekushon =$bThe Kiyomizu Sannenzaka Museum Collection
=250  \\$6880-04$aShohan.
=260  \\$6880-05$aKyōto-shi :$bTankōsha,$cHeisei 23 [2011]
=300  \\$a159 p. :$bchiefly col. ill. ;$c38 cm.
=336  \\$atext$2rdacontent
=337  \\$aunmediated$2rdamedia
=338  \\$avolume$2rdacarrier
=650  \0$aInro$vCatalogs.
=650  \0$aLacquer and lacquering$zJapan$vCatalogs.
=610  20$6880-06$aKiyomizu Sannenzaka Bijutsiukan$vCatalogs.
=710  2\$aKiyomizu Sannenzaka Bijutsukan.
=856  4\$uhttp://www.bk1.jp/trcno/11018494/?partnerid=oclc&siteid=oclc$zJapanese record available for display
=880  1\$6100-01$a村田理如,$d1950-
=880  10$6245-02$a印籠名品集 =$bInro masterpieces /$c村田理如.
=880  15$6246-03$a清水三年坂美術館コレクション =$bThe Kiyomizu Sannenzaka Museum Collection
=880  \\$6250-04$a初版.
=880  \\$6260-05$a京都市 :$b淡交社,$c平成 23 [2011]
=880  24$6610-06$a清水三年坂美術館$vCatalogs.
=880  04$6650-00$a印籠-図集.$2jlabsh/4
=880  2\$6710-07$a清水三年坂美術館.
=852  41$aBritish Library$bOC$jLP.31.b.863
=CAT  \\$a7565$b40$c20111019$lBLL01$h1558
=CAT  \\$aBATCH-UPD$b40$c20111019$lBLL01$h1558
=CAT  \\$a12179$b40$c20120501$lBLL01$h1413
=CAT  \\$a7565$b40$c20120524$lBLL01$h1433
=CAT  \\$aWR12170$c20121116$lBLL01$h1705
=CAT  \\$aBATCH-UPD$b00$c20230504$lBLL01$h1710
=SID  \\$aZ39$bOCLC
=STA  \\$aSUPPRESSED$bPreliminary Record
=LAS  \\$aBATCH-UPD$b00$c20230504$lBLL01$h1710

