=LDR  01759 am a2200457 a 4500
=001  015992865
=003  Uk
=005  20111214170632.0
=008  111114s2011\\\\ja\\\\\\\\\\\\000\0\jpn\d
=020  \\$a9784258045969
=020  \\$a4258045969
=035  \\$a(OCoLC)760867484
=040  \\$aTRCLS$cTRCLS
=084  \\$a616.61$2njb/9
=245  00$6880-01$aHen'yō suru tojōkoku no tōmorokoshi jukyū :$bshijō no tōgō to bunri /$cShimizu Tatsuya.
=260  \\$6880-02$a[S.l.] :$bAjiakeizaikenkyūjo,$c2011.
=300  \\$a272 p. ;$c22 cm.
=336  \\$atext$2rdacontent
=337  \\$aunmediated$2rdamedia
=338  \\$avolume$2rdacarrier
=490  1\$6880-03$aKenkyū sōsho ;$v596
=650  07$6880-04$aTōmorokoshi.$2jlabsh/4
=650  07$6880-05$aHatten tojōkoku.$2jlabsh/4
=700  1\$6880-06$aShimizu, Tatsuya,$d1968-
=830  \0$6880-97$aKenkyū sōsho ;$v596.
=852  \\$aBritish Library$bOC$jS.T.100/196(596)
=856  4\$uhttp://www.bk1.jp/trcno/11055747/?partnerid=oclc&siteid=oclc$zJapanese record available for display
=880  00$6245-01$a変容する途上国のトウモロコシ需給 :$b市場の統合と分離 /$c清水達也編.
=880  \\$6260-02$a千葉 :$bアジア経済研究所,$c2011.
=880  1\$6490-03$a研究双書 ;$v596
=880  07$6650-04$aとうもろこし.$2jlabsh/4
=880  07$6650-05$a発展途上国.$2jlabsh/4
=880  1\$6700-06$a清水達也,$d1968-
=880  \0$6830-97$a研究双書 ;$v596.
=CAT  \\$a2717$b40$c20111214$lBLL01$h1706
=CAT  \\$aBATCH-UPD$b40$c20120224$lBLL01$h2019
=CAT  \\$aWR12170$c20121116$lBLL01$h1705
=FMT  \\$a  BK
=LAS  \\$aWR12170$b00$c20121116$lBLL01$h1705
=SID  \\$aZ39$bOCLC
=STA  \\$aSUPPRESSED$bPreliminary Record

