=LDR  02936 am a22007815a 4500
=001  016017646
=003  Uk
=005  20120127145316.0
=008  111010s2011\\\\ja\\\\\\\\\\\\000\0\jpn\d
=FMT  \\$a  BK
=020  \\$a9784582833768
=020  \\$a4582833764
=020  \\$a9784582767476
=020  \\$a4582767478
=035  \\$a(OCoLC)180197839
=035  \\$a(OCoLC)756584774
=040  \\$aUk$beng$cUk
=043  \\$aa-ja---
=050  00$aZ463.3$b.H36 2007
=084  \\$a022.31$2njb
=084  \\$a022.31$2njb/9
=100  1\$6880-01$aHashiguchi, Kōnosuke.
=245  10$6880-02$aEdo no hon'ya to honzukuri :$bwahon nyūmon /$cHashiguchi Kōnosuke.
=260  \\$6880-05$aTōkyō :$bHeibonsha,$c2007.
=260  \\$6880-03$aTōkyō :$bHeibonsha,$c2011.
=300  \\$a298 p. ;$c16 cm.
=336  \\$atext$2rdacontent
=337  \\$aunmediated$2rdamedia
=338  \\$avolume$2rdacarrier
=490  1\$6880-04$aHeibonsha raiburarī ;$v747
=650  \0$aPublishers and publishing$zJapan$xHistory.
=650  \0$aBook industries and trade$zJapan$xHistory.
=651  \0$aJapan$xCivilization$y1600-1868.
=650  07$6880-05$aKokanbon.$2jlabsh/4
=650  07$6880-06$aShuppan-Nihon.$2jlabsh/4
=880  1\$6100-01$a橋口侯之介,$d1947-
=880  10$6245-02$a続和本入門 :$b江戶の本屋と本づくり /$c橋口侯之介.
=880  30$6246-03$a江戶の本屋と本づくり
=880  30$6246-04$a和本入門
=880  \\$6260-05$a東京 :$b平凡社,$c2007.
=880  \\$6500-00$a続のサブタイトル:江戶の本屋と本づくり.
=880  \\$6500-00$a2200円.
=880  \\$6504-00$a文献あり.
=880  0\$6505-00$a索引あり.
=880  \\$6653-07$a図書.
=880  07$6650-08$a古刊本$2jlabsh/3
=880  07$6650-09$a出版-日本$2jlabsh/3
=880  0\$6740-10$a和本入門.
=830  \0$6880-96$aHeibonsha raiburarī$v747.
=856  4\$uhttp://www.bk1.jp/trcno/11050196/?partnerid=oclc&siteid=oclc$zJapanese record available for display
=880  1\$6100-01$a橋口侯之介.
=880  10$6245-02$a江戶の本屋と本づくり :$b和本入門続 /$c橋口侯之介著.
=880  \\$6260-03$a東京 :$b平凡社,$c2011.
=880  1\$6490-04$a平凡社ライブラリー ;$v747
=880  \\$6500-00$a2007年刊の再刊
=880  \\$6500-00$a文献:p291-294
=880  07$6650-05$a古刊本.$2jlabsh/4
=880  07$6650-06$a出版-日本.$2jlabsh/4
=880  \0$6830-96$a平凡社ライブラリー ;$v747.
=852  41$aBritish Library$bOC$jYP.2013.a.3539
=CAT  \\$a7565$b40$c20120127$lBLL01$h1438
=CAT  \\$a7565$b40$c20120127$lBLL01$h1441
=CAT  \\$a7565$b40$c20120127$lBLL01$h1453
=CAT  \\$aBATCH-UPD$b40$c20121025$lBLL01$h2102
=CAT  \\$aW1711-1225$c20171203$lBLL01$h1046
=SID  \\$aZ39$bOCLC
=STA  \\$aSUPPRESSED$bunable to determine reason for suppression
=LAS  \\$aW1711-1225$b00$c20171203$lBLL01$h1046

