=LDR  02406 am a2200577 a 4500
=001  016028147
=003  Uk
=005  20120209114636.0
=008  110725s2011\\\\ja\a\\\\\b\\\\000\0\jpn\c
=FMT  \\$a  BK
=020  \\$a9784393299272
=020  \\$a4393299272
=035  \\$a(OCoLC)742509448
=040  \\$aJaToTRC$cTRCLS$dCUY$dZCU
=042  \\$apcc
=043  \\$aa-ja---
=050  \4$aBP605.O88$bJ64 2011
=084  \\$a169.1$2njb/9
=245  00$6880-01$aJōhō jidai no Oumu Shinrikyō /$cInoue Nobutaka sekinin henshū ; Shūkyō Jōhō Risāchi Sentā hen.
=260  \\$6880-02$aTōkyō :$bShunjūsha,$c2011.
=300  \\$a437, xxvi p. :$bill. ;$c22 cm.
=336  \\$atext$2rdacontent
=337  \\$aunmediated$2rdamedia
=338  \\$avolume$2rdacarrier
=504  \\$aIncludes bibliographical references.
=650  \0$aMass media$xReligious aspects.
=650  \0$aMass media in religion$zJapan.
=650  \0$aMass media and crime$zJapan.
=610  14$6880-03$aŌmu shinrikyō.
=610  20$6880-04$aOumu Shinrikyō (Religious organization)$xPublic relations.
=610  20$6880-05$aOumu Shinrikyō (Religious organization)$xPress coverage.
=650  \0$aMass media$zJapan$xReligious aspects.
=700  1\$6880-06$aInoue, Nobutaka,$d1948-
=710  2\$6880-07$aShūkyō Jōhō Risāchi Sentā.
=856  4\$uhttp://www.bk1.jp/trcno/11036985/?partnerid=oclc&siteid=oclc$zJapanese record available for display
=880  00$6245-01$a情報時代のオウム真理教 /$c井上順孝責任編集 ; 宗教情報リサーチセンター編.
=880  \\$6260-02$a東京 :$b春秋社,$c2011.
=880  24$6610-00$aオウム真理教 (Religious organization)$xSocial aspects.
=880  14$6610-03$aオウム真理教.
=880  24$6610-04$aオウム真理教 (Religious organization)$xPublic relations.
=880  24$6610-05$aオウム真理教 (Religious organization)$xPress coverage.
=880  1\$6700-06$a井上順孝,$d1948-
=880  2\$6710-07$a宗教情報リサーチセンター.
=852  41$aBritish Library$bOC$jJPN.2012.a.128
=CAT  \\$a2717$b40$c20120209$lBLL01$h1146
=CAT  \\$aBATCH-UPD$b40$c20120211$lBLL01$h1711
=CAT  \\$aWR12170$c20121116$lBLL01$h1706
=CAT  \\$aBATCH-UPD$b00$c20160724$lBLL01$h2038
=SID  \\$aZ39$bOCLC
=STA  \\$aSUPPRESSED$bPreliminary Record
=LAS  \\$aBATCH-UPD$b00$c20160724$lBLL01$h2038

