=LDR  01737cam a2200469 a 4500
=001  016042218
=003  Uk
=005  20120302131345.0
=008  120130s2012\\\\ja\\\\\\\\\\\\000\0\jpn\d
=FMT  \\$a  BK
=020  \\$a9784258045976
=020  \\$a4258045977
=035  \\$a(OCoLC)774271130
=040  \\$aTRCLS$cTRCLS
=084  \\$a333.8$2njb/9
=245  00$6880-01$aKaihatsu tojōkoku to zaisei gabanansu kaikaku /$cOyamada Kazuhiko.
=260  \\$6880-02$a[S.l.] :$bAjiakeizaikenkyūjo,$c2012.
=300  \\$a379 p. ;$c22 cm.
=336  \\$atext$2rdacontent
=337  \\$aunmediated$2rdamedia
=338  \\$avolume$2rdacarrier
=490  1\$6880-03$aKenkyū sōsho ;$v597
=650  07$6880-04$aHatten tojōkoku.$2jlabsh/4
=650  07$6880-05$aZaisei seisaku.$2jlabsh/4
=700  1\$6880-06$aOyamada, Kazuhiko.
=830  \0$6880-97$aKenkyū sōsho ;$v597.
=856  4\$uhttp://www.bk1.jp/trcno/12003703/?partnerid=oclc&siteid=oclc$zJapanese record available for display
=880  00$6245-01$a開発途上国と財政ガバナンス改革 /$c小山田和彦編.
=880  \\$6260-02$a千葉 :$bアジア経済研究所,$c2012.
=880  1\$6490-03$a研究双書 ;$v597
=880  07$6650-04$a発展途上国.$2jlabsh/4
=880  07$6650-05$a財政政策.$2jlabsh/4
=880  1\$6700-06$a小山田和彦.
=880  \0$6830-97$a研究双書 ;$v597.
=852  \\$aBritish Library$bOC$jS.T.100/196(597)
=CAT  \\$a2717$b40$c20120302$lBLL01$h1313
=CAT  \\$aBATCH-UPD$b40$c20120408$lBLL01$h2003
=CAT  \\$aWR12170$c20121116$lBLL01$h1706
=CAT  \\$aBATCH-UPD$b00$c20230504$lBLL01$h1711
=SID  \\$aZ39$bOCLC
=STA  \\$aSUPPRESSED$bPreliminary Record
=LAS  \\$aBATCH-UPD$b00$c20230504$lBLL01$h1711

