=LDR  01737cam a2200457 a 4500
=001  016047717
=003  Uk
=005  20120312154834.0
=008  111226s2011\\\\ja\\\\\\\\\\\\000\0\jpn\d
=FMT  \\$a  BK
=020  \\$a9784305705730
=020  \\$a4305705737
=035  \\$a(OCoLC)769346986
=040  \\$aTRCLS$cTRCLS
=084  \\$a204$2njb/9
=245  00$6880-01$aToshi rekishi hakuran :$btoshi bunka no naritachi shikumi tanoshimi /$cShirahata Yōzaburō;Nishiki Hitoshi;Harada Nobuo.
=260  \\$6880-02$aTōkyō :$bKasamashoin,$c2011.
=300  \\$a451 p. ;$c22 cm.
=336  \\$atext$2rdacontent
=337  \\$aunmediated$2rdamedia
=338  \\$avolume$2rdacarrier
=650  07$6880-03$aRekishi.$2jlabsh/4
=650  07$6880-04$aToshi-Rekishi.$2jlabsh/4
=700  1\$6880-05$aShirahata, Yōzaburō.
=700  1\$6880-06$aNishiki, Hitoshi.
=700  1\$6880-07$aHarada, Nobuo.
=856  4\$uhttp://www.bk1.jp/trcno/11062931/?partnerid=oclc&siteid=oclc$zJapanese record available for display
=880  00$6245-01$a都市歴史博覧 :$b都市文化のなりたち・しくみ・たのしみ /$c白幡洋三郎;錦仁;原田信男編著.
=880  \\$6260-02$a東京 :$b笠間書院,$c2011.
=880  07$6650-03$a歴史.$2jlabsh/4
=880  07$6650-04$a都市-歴史.$2jlabsh/4
=880  1\$6700-05$a白幡洋三郎.
=880  1\$6700-06$a錦仁.
=880  1\$6700-07$a原田信男,$c料理研究
=852  41$aBritish Library$bOC$jJPN.2012.a.149
=CAT  \\$a2717$b40$c20120312$lBLL01$h1548
=CAT  \\$aWR12170$c20121116$lBLL01$h1706
=CAT  \\$aBATCH-UPD$b00$c20230504$lBLL01$h1711
=SID  \\$aZ39$bOCLC
=STA  \\$aSUPPRESSED$bPreliminary Record
=LAS  \\$aBATCH-UPD$b00$c20230504$lBLL01$h1711

