=LDR  01532 am a22004215a 4500
=001  016119237
=003  Uk
=005  20121025161041.0
=008  120319s2012\\\\ja\\\\\\\\\\\\000\0\jpn\d
=FMT  \\$a  BK
=020  \\$a9784784216093
=020  \\$a478421609X
=035  \\$a(OCoLC)780474995
=040  \\$aTRCLS$cTRCLS
=042  \\$aukblderived
=084  \\$a768.2$2njb/9
=100  1\$6880-01$aMishima, Akiko.
=245  10$6880-02$aTennō shōgun jige gakujin no muromachi ongakushi /$cMishima Akiko.
=260  \\$6880-03$aKyōto :$bShibunkakushuppan,$c2012.
=300  \\$a338, 11 p. ;$c22 cm.
=336  \\$atext$2rdacontent
=337  \\$aunmediated$2rdamedia
=338  \\$avolume$2rdacarrier
=650  07$6880-04$aGagaku-Rekishi.$2jlabsh/4
=650  07$6880-05$aNihon-Rekishi-Muromachi jidai.$2jlabsh/4
=856  4\$uhttp://www.bk1.jp/trcno/12013214/?partnerid=oclc&siteid=oclc$zJapanese record available for display
=880  1\$6100-01$a三島暁子.
=880  10$6245-02$a天皇・将軍・地下楽人の室町音楽史 /$c三島暁子著.
=880  \\$6260-03$a京都 :$b思文閣出版,$c2012.
=880  07$6650-04$a雅楽-歴史.$2jlabsh/4
=880  07$6650-05$a日本-歴史-室町時代.$2jlabsh/4
=852  41$aBritish Library$bOC$jJPN.2012.a.419
=CAT  \\$a11693$b40$c20120704$lBLL01$h1327
=CAT  \\$a13812$b40$c20121025$lBLL01$h1610
=CAT  \\$aWR12170$c20121116$lBLL01$h1706
=SID  \\$aZ39$bOCLC
=STA  \\$aSUPPRESSED$bPreliminary Record
=LAS  \\$aWR12170$b00$c20121116$lBLL01$h1706

