=LDR  01752 am a22004935a 4500
=001  016120251
=003  Uk
=005  20120706130324.0
=008  111128s2011\\\\ja\a\\\\\\\\\\000\0\jpn\\
=FMT  \\$a  BK
=010  \\$a2012383318
=020  \\$a9784794218643
=020  \\$a4794218648
=035  \\$a(OCoLC)763154190
=040  \\$aJaToTRC$beng$cTRCLS$dDLC$dCUI
=042  \\$aukblderived
=042  \\$apcc
=043  \\$aa-ja---
=050  00$aDS881.9$b.Y87 2011
=084  \\$a210.6$2njb/9
=100  1\$6880-01$aYumoto, Kōichi,$d1950-
=245  10$6880-02$aFūshi manga de Nihon kindaishi ga wakaru hon /$cYumoto Kōichi.
=260  \\$6880-03$aTōkyō :$bSōshisha,$c2011.
=300  \\$a207 p. :$bill. ;$c19 cm.
=336  \\$atext$2rdacontent
=337  \\$aunmediated$2rdamedia
=338  \\$avolume$2rdacarrier
=504  \\$aIncludes bibliographical references.
=651  \0$aJapan$xHistory$y1868-
=651  \0$aJapan$xHistory$y1868-$vCaricatures and cartoons.
=650  \7$6880-04$aNihon-Rekishi-Kindai.$2jlabsh/4
=650  \7$6880-05$aFūshiga-Rekishi.$2jlabsh/4
=856  4\$uhttp://www.bk1.jp/trcno/11057362/?partnerid=oclc&siteid=oclc$zJapanese record available for display
=880  1\$6100-01$a湯本豪一,$d1950-
=880  10$6245-02$a風刺漫画で日本近代史がわかる本 /$c湯本豪一.
=880  \\$6260-03$a東京 :$b草思社,$c2011.
=880  04$6650-04$a日本-歴史-近代.$2jlabsh/4
=880  04$6650-05$a諷刺画-歴史.$2jlabsh/4
=852  41$aBritish Library$bOC$jJPN.2012.a.436
=CAT  \\$a11693$b40$c20120706$lBLL01$h1303
=CAT  \\$aWR12170$c20121116$lBLL01$h1706
=SID  \\$aZ39$bOCLC
=STA  \\$aSUPPRESSED$bPreliminary Record
=LAS  \\$aWR12170$b00$c20121116$lBLL01$h1706

