=LDR  02050 am a22005535a 4500
=001  016120252
=003  Uk
=005  20120706130406.0
=008  111219s2011\\\\ja\a\\\\\b\\\\001\0\jpn\d
=FMT  \\$a  BK
=020  \\$a9784766419078
=020  \\$a4766419073
=035  \\$a(OCoLC)768732866
=040  \\$aTRCLS$cTRCLS$dCUY
=042  \\$aukblderived
=043  \\$aa-ja---
=084  \\$a367.1$2njb/9
=100  1\$6880-01$aNishizawa, Naoko,$d1961-
=245  10$6880-02$aFukuzawa Yukichi to josei /$cNishizawa Naoko.
=250  \\$6880-03$aShohan.
=260  \\$6880-04$aTōkyō :$bKeiō Gijuku Daigaku Shuppankai,$c2011.
=300  \\$ax, 283, 8 p. :$bill. ;$c20 cm.
=336  \\$atext$2rdacontent
=337  \\$aunmediated$2rdamedia
=338  \\$avolume$2rdacarrier
=504  \\$aIncludes bibliographical references (p. 271-278) and indexes.
=600  10$6880-05$aFukuzawa, Yukichi,$d1835-1901$xPolitical and social views.
=650  \0$aWomen$zJapan$xSocial conditions.
=650  \0$aWomen$xEducation$zJapan.
=650  \0$aFeminism$zJapan.
=651  \0$aJapan$xSocial conditions$y1868-1912.
=600  14$6880-06$aFukuzawa, Yukichi.
=650  07$6880-07$aJosei mondai.$2jlabsh/4
=856  4\$uhttp://www.bk1.jp/trcno/11062798/?partnerid=oclc&siteid=oclc$zJapanese record available for display
=880  1\$6100-01$a西澤直子,$d1961-
=880  10$6245-02$a福澤諭吉と女性 /$c西澤直子.
=880  \\$6250-03$a初版.
=880  \\$6260-04$a東京 :$b慶應義塾大学出版会,$c2011.
=880  14$6600-05$a福沢諭吉,$d1835-1901$xPolitical and social views.
=880  14$6600-06$a福沢諭吉.
=880  07$6650-07$a女性問題.$2jlabsh/4
=852  41$aBritish Library$bOC$jJPN.2012.a.381
=CAT  \\$a11693$b40$c20120706$lBLL01$h1304
=CAT  \\$aBATCH-UPD$b40$c20120706$lBLL01$h1304
=CAT  \\$aWR12170$c20121116$lBLL01$h1706
=CAT  \\$aBATCH-UPD$b00$c20200524$lBLL01$h2045
=SID  \\$aZ39$bOCLC
=STA  \\$aSUPPRESSED$bPreliminary Record
=LAS  \\$aBATCH-UPD$b00$c20200524$lBLL01$h2045

