=LDR  01973 am a22005295a 4500
=001  016120292
=003  Uk
=005  20120706133752.0
=008  111031s2011\\\\ja\a\\\\\b\\\\001\0\jpn\c
=FMT  \\$a  BK
=020  \\$a9784305705617
=020  \\$a4305705613
=035  \\$a(OCoLC)759154716
=040  \\$aJaToTRC$cTRCLS$dCUY$dOCLCA$dIUL$dZCU
=042  \\$aukblderived
=042  \\$apcc
=043  \\$aa-ja---
=050  \4$aPL728.15$b.T384 2011
=084  \\$a911.12$2njb/9
=100  1\$6880-01$aTatsumi, Masaaki,$d1945-
=245  10$6880-02$aMan'yōshū no rekishi :$bNihonjin ga uta ni yotte kizuita gensho no hisutorī = A history of Manyoshu /$cTatsumi Masaaki.
=246  31$aHistory of Manyoshu
=250  \\$6880-03$aShohan.
=260  \\$6880-04$aTōkyō :$bKasama Shoin,$c2011.
=300  \\$av, 615, 18 p. :$bill. ;$c22 cm.
=336  \\$atext$2rdacontent
=337  \\$aunmediated$2rdamedia
=338  \\$avolume$2rdacarrier
=546  \\$aJapanese.
=504  \\$aIncludes bibliographical references and index.
=630  00$6880-05.$aMan'yōshū
=650  \0$aJapanese poetry$yTo 794$xHistory and criticism.
=650  07$6880-06$aMan'yōshū.$2jlabsh/4
=856  4\$uhttp://www.bk1.jp/trcno/11053917/?partnerid=oclc&siteid=oclc$zJapanese record available for display
=880  1\$6100-01$a辰巳正明,$d1945-
=880  10$6245-02$a万葉集の歴史 :$b日本人が歌によって築いた原初のヒストリー = A history of Manyoshu /$cTatsumi Masaaki.
=880  \\$6250-03$a初版.
=880  \\$6260-04$a東京 :$b笠間書院,$c2011.
=880  04$6630-05$a万葉集.
=880  07$6650-06$a万葉集.$2jlabsh/4
=852  41$aBritish Library$bOC$jJPN.2012.a.371
=CAT  \\$a11693$b40$c20120706$lBLL01$h1337
=CAT  \\$aWR12170$c20121116$lBLL01$h1706
=CAT  \\$aBATCH-UPD$b00$c20170310$lBLL01$h2120
=SID  \\$aZ39$bOCLC
=STA  \\$aSUPPRESSED$bPreliminary Record
=LAS  \\$aBATCH-UPD$b00$c20170310$lBLL01$h2120

