=LDR  01850 am a22004815a 4500
=001  016123396
=003  Uk
=005  20120711092932.0
=008  120123s2012\\\\ja\a\\\\\b\\\\000\0\jpn\c
=FMT  \\$a  BK
=010  \\$a2012383494
=020  \\$a9784023310032
=020  \\$a4023310034
=035  \\$a(OCoLC)773565398
=040  \\$aJaToTRC$beng$cTRCLS$dZCU$erda
=042  \\$aukblderived
=042  \\$apcc
=043  \\$aa-ja---
=050  \4$aHD9736.J32$bT355 2012
=084  \\$a509.21$2njb/9
=100  1\$6880-01$aTakarabe, Seiichi,$d1956-
=245  10$6880-02$aMeido in Japan shōmetsu! :$bsekai de tatakaeru "seizōgyō" o dō mamoru ka /$cTakarabe Seiichi.
=264  \1$6880-03$aTōkyō :$bAsahi Shinbun Shuppan,$c2012.
=300  \\$a212 pages :$billustrations ;$c19 cm
=336  \\$atext$2rdacontent
=337  \\$aunmediated$2rdamedia
=338  \\$avolume$2rdacarrier
=504  \\$aIncludes bibliographical references.
=650  07$6880-04$aNihon-Kōgyō.$2jlabsh/4
=650  \0$aManufacturing industries$zJapan$xHistory$y20th century.
=650  \0$aManufacturing industries$zJapan$xHistory$y21st century.
=856  4\$uhttp://www.bk1.jp/trcno/12002890/?partnerid=oclc&siteid=oclc$zJapanese record available for display
=880  1\$6100-01$a財部誠一,$d1956-
=880  10$6245-02$aメイド・イン・ジャパン消滅! :$b世界で戦える「製造業」をどう守るか /$c財部誠一.
=880  \1$6264-03$a東京 :$b朝日新聞出版,$c2012.
=880  07$6650-04$a日本-工業.$2jlabsh/4
=852  41$aBritish Library$bOC$jJPN.2012.a.273
=CAT  \\$a11693$b40$c20120711$lBLL01$h0929
=CAT  \\$aBATCH-UPD$b40$c20120711$lBLL01$h0930
=CAT  \\$aWR12170$c20121116$lBLL01$h1706
=SID  \\$aZ39$bOCLC
=STA  \\$aSUPPRESSED$bPreliminary Record
=LAS  \\$aWR12170$b00$c20121116$lBLL01$h1706

