=LDR  02309 am a22006375a 4500
=001  016123613
=003  Uk
=005  20120711134031.0
=008  111010s2011\\\\ja\a\\\\\b\\\\000\0\jpn\c
=FMT  \\$a  BK
=020  \\$a9784903996455
=020  \\$a490399645X
=035  \\$a(OCoLC)756583394
=040  \\$aJaToTRC$beng$cTRCLS$dZCU$dOCLCO$erda
=042  \\$aukblderived
=042  \\$apcc
=043  \\$aa-ja---
=050  \4$aPL788.4.G43$bK25648 2011
=084  \\$a913.36$2njb/9
=100  1\$6880-01$aKanō, Shigefumi,$d1940-
=245  10$6880-02$aGenji monogatari no Heiankyō /$cKanō Shigefumi.
=250  \\$6880-03$aShohan.
=264  \1$6880-04$aTōkyō :$bSeikansha,$c2011.
=300  \\$av, 336 pages :$billustrations ;$c21 cm
=336  \\$atext$2rdacontent
=337  \\$aunmediated$2rdamedia
=338  \\$avolume$2rdacarrier
=504  \\$aIncludes bibliographical references.
=600  00$6880-08.$aMurasaki Shikibu,$d978?-$tGenji monogatari.
=600  14$6880-05$aMurasakishikibu.
=650  07$6880-06$aGenji monogatari.$2jlabsh/4
=650  07$6880-07$aHeiankyō.$2jlabsh/4
=651  \0$aHeian-kyō (Extinct city)
=651  \0$aKyoto (Japan)$xIn literature.
=856  4\$uhttp://www.bk1.jp/trcno/11049427/?partnerid=oclc&siteid=oclc$zJapanese record available for display
=880  1\$6100-01$a加納重文,$d1940-
=880  10$6245-02$a源氏物語の平安京 /$c加納重文.
=880  \\$6250-03$a初版.
=880  \1$6264-04$a東京 :$b青簡舎,$c2011.
=880  14$6600-05$a紫式部.
=880  07$6650-06$a源氏物語.$2jlabsh/4
=880  07$6650-07$a平安京.$2jlabsh/4
=880  04$6600-08$a紫式部,$db. 978?$t源氏物語.
=852  41$aBritish Library$bOC$jJPN.2012.a.302
=985  \\$aRecord amended for WR# 13/070
=CAT  \\$a11693$b40$c20120711$lBLL01$h1340
=CAT  \\$aBATCH-UPD$b40$c20120711$lBLL01$h1341
=CAT  \\$aWR12170$c20121116$lBLL01$h1706
=CAT  \\$aWR13_070$b00$c20130504$lBLL01$h0339
=CAT  \\$aBATCH-UPD$b00$c20130506$lBLL01$h1648
=CAT  \\$aWR13_070$b00$c20130525$lBLL01$h1415
=CAT  \\$aBATCH-UPD$b00$c20130525$lBLL01$h1756
=CAT  \\$aBATCH-UPD$b00$c20190906$lBLL01$h2134
=SID  \\$aZ39$bOCLC
=STA  \\$aSUPPRESSED$bPreliminary Record
=LAS  \\$aBATCH-UPD$b00$c20190906$lBLL01$h2134

