=LDR  01635 am a22004455a 4500
=001  016123659
=003  Uk
=005  20120711141259.0
=008  120227s2012\\\\ja\\\\\\\\\\\\000\0\jpn\d
=FMT  \\$a  BK
=020  \\$a9784585229001
=020  \\$a4585229000
=035  \\$a(OCoLC)778336558
=040  \\$aTRCLS$cTRCLS$dOCLCQ
=042  \\$aukblderived
=084  \\$a148.4$2njb/9
=100  1\$6880-01$aKimura, Sumiko.
=245  10$6880-02$aMuromachi jidai no onmyōdō to jiin shakai /$cKimura Sumiko.
=246  1\$aMuromachi jidai no on'yōdō to jiin shakai
=260  \\$6880-03$aTōkyō :$bBensei Shuppan,$c2012.
=300  \\$a671, 17 p. ;$c22 cm.
=336  \\$atext$2rdacontent
=337  \\$aunmediated$2rdamedia
=338  \\$avolume$2rdacarrier
=650  07$6880-04$aIn'yō gogyōsetsu.$2jlabsh/4
=650  07$6880-05$aNihon-Rekishi-Muromachi jidai.$2jlabsh/4
=650  07$6880-06$aJiin-Nihon.$2jlabsh/4
=856  4\$uhttp://www.bk1.jp/trcno/12009280/?partnerid=oclc&siteid=oclc$zJapanese record available for display
=880  1\$6100-01$a木村純子.
=880  10$6245-02$a室町時代の陰陽道と寺院社会 /$c木村純子著.
=880  \\$6260-03$a東京 :$b勉誠出版,$c2012.
=880  07$6650-04$a陰陽五行說.$2jlabsh/4
=880  07$6650-05$a日本-歴史-室町時代.$2jlabsh/4
=880  07$6650-06$a寺院-日本.$2jlabsh/4
=852  41$aBritish Library$bOC$jJPN.2012.a.256
=CAT  \\$a11693$b40$c20120711$lBLL01$h1412
=CAT  \\$aWR12170$c20121116$lBLL01$h1706
=SID  \\$aZ39$bOCLC
=STA  \\$aSUPPRESSED$bPreliminary Record
=LAS  \\$aWR12170$b00$c20121116$lBLL01$h1706

