=LDR  03710 am a22006495a 4500
=001  016193779
=003  Uk
=005  20121019134839.0
=008  111031s2011\\\\ja\a\\\\\b\\\\000\0\jpn\c
=FMT  \\$a  BK
=020  \\$a9784393191101
=020  \\$a4393191102
=035  \\$a(OCoLC)759154744
=040  \\$aJaToTRC$beng$cTRCLS$dHFL$dZCU$erda
=042  \\$aukblderived
=042  \\$apcc
=043  \\$aa-ja---
=050  \4$aBL2215.N55$bN55 2011
=084  \\$a188.45$2njb/9
=245  00$6880-01$aNikkō :$bsono rekishi to shūkyō /$cSugahara Shinkai, Tanabe Saburōsuke hen.
=250  \\$6880-02$aShohan.
=260  \\$6880-03$aTōkyō :$bShunjūsha,$cnisen-jūichi.
=300  \\$a328, xiii pages :$billustrations ;$c20 cm
=336  \\$atext$2rdacontent
=337  \\$aunmediated$2rdamedia
=338  \\$avolume$2rdacarrier
=504  \\$aIncludes bibliographical references.
=505  00$6880-04$tSōron /$rSugawara Shinkai --$tNikkō kaizan to dōsha no hensen /$rSugawara Shinkai --$tNikkōsan no sangaku shinkō /$rNakagawa Kōki --$tNikkōsan Jōgyōdō shōshi /$rChida Kōmyō --$tNikkōsan no Bukkyō bijutsu /$rTanabe Saburōsuke --$t"Genmu monogatari" o yomu /$rYamada Shōzen --$tWarera ikanaru en arite ima kono kami ni tsukōran /$rYamamoto Hiroko --$tTenkai to Nikkōsan /$rUdaka Yoshiaki --$tTōshōgū sōken to Nikkōsan /$rSonehara Satoshi --$tNikkōsan Tenkai Zō to sono tenseki /$rSugawara Shinkai --$tTokugawa-ke to Nikkōsan, Rinnōji no Miya /$rUrai Shōmyō --$tKinsei Nikkōsan no shinji, hōe /$rYamasawa Manabu.
=610  14$6880-05$aRinnōji.
=610  20$6880-06.$aRinnōji (Nikkō-shi, Japan)
=650  \0$aSacred space$zJapan$zNikkō Region$xHistory.
=651  \0$aNikkō Region (Japan)$xHistory.
=610  20$6880-07.$aNikkō Tōshōgū.
=700  1\$6880-08.$aSugawara, Shinkai,$d1925-
=700  1\$6880-09.$aTanabe, Saburōsuke,$d1931-
=700  12$6880-10.$aSugawara, Shinkai,$d1925-$tSōron.
=856  4\$uhttp://www.bk1.jp/trcno/11053949/?partnerid=oclc&siteid=oclc$zJapanese record available for display
=880  00$6245-01$a日光 :$bその歴史と宗教 /$c菅原信海, 田邉三郎助編.
=880  \\$6250-02$a初版.
=880  \\$6260-03$a東京 :$b春秋社,$c二〇一一.
=880  00$6505-04$t総論 /$r菅原信海 --$t日光開山と堂社の変遷 /$r菅原信海 --$t日光山の山岳信仰 /$r中川光熹 --$t日光山常行堂小史 /$r千田孝明 --$t日光山の仏教美術 /$r田邉三郎助 --$t「幻夢物語」を読む /$r山田昭全 --$t我らいかなる縁ありて今この神に仕ふらん /$r山本ひろ子 --$t天海と日光山 /$r宇高良哲 --$t東照宮創建と日光山 /$r曽根原理 --$t日光天海蔵とその典籍 /$r菅原信海 --$t徳川家と日光山, 輪王寺宮 /$r浦井正明 --$t近世日光山の神事・法会 /$r山澤学.
=880  \\$6500-00$a"日光その歴史と宗教-略年表:卷末p1-13"--JaToTRC report.
=880  14$6610-05$a輪王寺,$c日光市
=880  24$6610-06$a輪王寺 (Nikkō-shi, Japan)
=880  24$6610-07$a日光東照宮.
=880  1\$6700-08$a菅原信海,$d1925-
=880  1\$6700-09$a田邉三郎助,$d1931-
=880  12$6700-10$a菅原信海,$d1925-$t総論.
=852  41$aBritish Library$bOC$jJPN.2013.a.176
=CAT  \\$a13812$b40$c20121019$lBLL01$h1348
=CAT  \\$aBATCH-UPD$b40$c20121019$lBLL01$h1349
=CAT  \\$aWR12170$c20121116$lBLL01$h1706
=CAT  \\$aBATCH-UPD$b00$c20130520$lBLL01$h1633
=CAT  \\$aBATCH-UPD$b00$c20200112$lBLL01$h2125
=SID  \\$aZ39$bOCLC
=STA  \\$aSUPPRESSED$bPreliminary Record
=LAS  \\$aBATCH-UPD$b00$c20200112$lBLL01$h2125

