=LDR  02151 am a22005895a 4500
=001  016193830
=003  Uk
=005  20121019144458.0
=008  111024s2011\\\\ja\\\\\\\b\\\\000\0\jpn\c
=FMT  \\$a  BK
=020  \\$a9784585220213
=020  \\$a4585220216
=035  \\$a(OCoLC)758438910
=040  \\$aJaToTRC$cTRCLS$dTEF$dZCU
=042  \\$aukblderived
=042  \\$apcc
=043  \\$aa-ja---
=050  \4$aPL784.N5$bS55 2011
=050  \4$aDS855.N5453$bS55 2011
=084  \\$a210.3$2njb/9
=245  00$6880-01$aShiryō to shite no "Nihon shoki" :$bTsuda Sōkichi o yominaosu /$cShinkawa Tokio, Hayakawa Mannen hen.
=250  \\$6880-02$aShohan.
=260  \\$6880-03$aTōkyō :$bBensei Shuppan,$c2011.
=300  \\$a574 p. ;$c22 cm.
=336  \\$atext$2rdacontent
=337  \\$aunmediated$2rdamedia
=338  \\$avolume$2rdacarrier
=504  \\$aIncludes bibliographical references.
=630  00$6880-04$aNihon shoki
=600  10$6880-05.$aTsuda, Sōkichi,$d1873-1961
=600  14$6880-06$aTsuda, Sōkichi.
=650  07$6880-07$aNihon shoki.$2jlabsh/4
=700  1\$6880-08.$aShinkawa, Tokio,$d1947-
=700  1\$6880-09$aHayakawa, Mannen,$d1957-
=856  4\$uhttp://www.bk1.jp/trcno/11051646/?partnerid=oclc&siteid=oclc$zJapanese record available for display
=880  00$6245-01$a史料としての「日本書紀」 :$b津田左右吉を読みなおす /$c新川登亀男, 早川万年編.
=880  \\$6250-02$a初版.
=880  \\$6260-03$a東京 :$b勉誠出版,$c2011.
=880  04$6630-04$a日本書紀.
=880  14$6600-05$a津田左右吉,$d1873-1961.
=880  14$6600-06$a津田左右吉.
=880  07$6650-07$a日本書紀.$2jlabsh/4
=880  1\$6700-08$a新川登亀男,$d1947-
=880  1\$6700-09$a早川万年,$d1957-
=852  41$aBritish Library$bOC$jJPN.2013.a.43
=CAT  \\$a13812$b40$c20121019$lBLL01$h1444
=CAT  \\$aBATCH-UPD$b40$c20121019$lBLL01$h1445
=CAT  \\$aWR12170$c20121116$lBLL01$h1706
=CAT  \\$aBATCH-UPD$b00$c20150909$lBLL01$h2045
=SID  \\$aZ39$bOCLC
=STA  \\$aSUPPRESSED$bPreliminary Record
=LAS  \\$aBATCH-UPD$b00$c20150909$lBLL01$h2045

