=LDR  01962cam a22005055a 4500
=001  016193842
=003  Uk
=005  20121019145507.0
=008  110711s2011\\\\ja\\\\\\\\\\\\000\0\jpn\d
=FMT  \\$a  BK
=020  \\$a9784588377099
=020  \\$a4588377094
=035  \\$a(OCoLC)740619141
=040  \\$aTRCLS$cTRCLS$dOCLCQ
=042  \\$aukblderived
=084  \\$a319.1033$2njb/9
=245  00$6880-01$aSensō to wakai no nichiei kankeishi /$cKosuge Nobuko;Dobson Hugo.
=260  \\$6880-02$aTōkyō :$bHōsei Daigaku Shuppankyoku,$c2011.
=300  \\$a318 p. ;$c22 cm.
=336  \\$atext$2rdacontent
=337  \\$aunmediated$2rdamedia
=338  \\$avolume$2rdacarrier
=650  07$6880-03$aNihon-Taigai kankei-Igirisu-Rekishi.$2jlabsh/4
=650  07$6880-04$aTaiheiyō sensō.$2jlabsh/4
=650  07$6880-05$aHoryo.$2jlabsh/4
=650  07$6880-06$aSensō hanzai.$2jlabsh/4
=700  1\$6880-07$aKosuge, Nobuko.
=700  1\$6880-08$aDobson, Hugo.
=856  4\$uhttp://www.bk1.jp/trcno/11033617/?partnerid=oclc&siteid=oclc$zJapanese record available for display
=880  00$6245-01$a戦争と和解の日英関係史 /$c小菅信子;ヒューゴ・ドブソン編著.
=880  \\$6260-02$a東京 :$b法政大学出版局,$c2011.
=880  \\$6500-00$a欧文タイトル:Japan and Britain at War and Peace
=880  07$6650-03$a日本-対外関係-イギリス-歴史.$2jlabsh/4
=880  07$6650-04$a太平洋戦争(1941-1945).$2jlabsh/4
=880  07$6650-05$a捕虜.$2jlabsh/4
=880  07$6650-06$a戦争犯罪.$2jlabsh/4
=880  1\$6700-07$a小菅信子.
=880  1\$6700-08$aヒューゴ・ドブソン.
=852  41$aBritish Library$bOC$jJPN.2013.a.113
=CAT  \\$a13812$b40$c20121019$lBLL01$h1455
=CAT  \\$aWR12170$c20121116$lBLL01$h1706
=CAT  \\$aBATCH-UPD$b00$c20230504$lBLL01$h1711
=SID  \\$aZ39$bOCLC
=STA  \\$aSUPPRESSED$bPreliminary Record
=LAS  \\$aBATCH-UPD$b00$c20230504$lBLL01$h1711

