=LDR  02238 am a22005295a 4500
=001  016193869
=003  Uk
=005  20121019152407.0
=008  111212s2011\\\\ja\ab\\\\b\\\\001\0\jpn\c
=FMT  \\$a  BK
=020  \\$a9784642038089
=020  \\$a4642038086
=035  \\$a(OCoLC)768082046
=040  \\$aJaToTRC$cTRCLS$dCUY$dZCU$dIUL
=042  \\$aukblderived
=042  \\$apcc
=043  \\$aa-ja---
=050  \4$aDS881.45$b.K36 2011
=084  \\$a210.59$2njb/9
=100  1\$6880-01$aKamishiraishi, Minoru,$d1964-
=245  10$6880-02$aBakumatsuki taigai kankei no kenkyū /$cKamishiraishi Minoru cho.
=260  \\$6880-03$aTōkyō :$bYoshikawa Kōbunkan,$c2011.
=300  \\$a8, 286, 6 p. :$bill., maps ;$c22 cm.
=336  \\$atext$2rdacontent
=337  \\$aunmediated$2rdamedia
=338  \\$avolume$2rdacarrier
=500  \\$aOriginally presented as the author's thesis (doctoral--Rikkyō Daigaku) under the title: Bakumatsu Ishinki taigai kankeishi no kenkyū : jūkyū seiki Nihon no kaibō to kaikō.
=504  \\$aIncludes bibliographical references and indexes.
=651  \0$aJapan$xForeign relations$y1600-1868.
=651  \0$aJapan$xHistory$yRestoration, 1853-1870.
=650  07$6880-04$aNihon-Rekishi-Bakumatsuki.$2jlabsh/4
=650  07$6880-05$aNihon-Taigai kankei-Rekishi.$2jlabsh/4
=700  1\$6880-06.$aKamishiraishi, Minoru,$d1964-$tBakumatsu Ishinki taigai kankeishi no kenkyū.
=856  4\$uhttp://www.bk1.jp/trcno/11060803/?partnerid=oclc&siteid=oclc$zJapanese record available for display
=880  1\$6100-01$a上白石実,$d1964-
=880  10$6245-02$a幕末期対外関係の研究 /$c上白石実著.
=880  \\$6260-03$a東京 :$b吉川弘文館,$c2011.
=880  07$6650-04$a日本-歴史-幕末期.$2jlabsh/4
=880  07$6650-05$a日本-対外関係-歴史.$2jlabsh/4
=880  1\$6700-06$a上白石実,$d1964-$t幕末維新期対外関係史の研究.
=852  41$aBritish Library$bOC$jJPN.2013.a.173
=CAT  \\$a13812$b40$c20121019$lBLL01$h1524
=CAT  \\$aBATCH-UPD$b40$c20121019$lBLL01$h1524
=CAT  \\$aWR12170$c20121116$lBLL01$h1706
=SID  \\$aZ39$bOCLC
=STA  \\$aSUPPRESSED$bPreliminary Record
=LAS  \\$aWR12170$b00$c20121116$lBLL01$h1706

