=LDR  02551cam a22006735a 4500
=001  016194144
=003  Uk
=005  20121022093844.0
=006  m\\\\\q\\d\\\\\\\\
=007  co\ug|nnnannan
=008  110613r20111997ja\a\\\\\b\\\\001\0\jpn\c
=FMT  \\$a  BK
=020  \\$a9784894765795
=020  \\$a4894765799
=035  \\$a(OCoLC)730399237
=040  \\$aJaToTRC$beng$cTRCLS$dOCLCQ$dZCU$dOCLCO$erda
=042  \\$aukblderived
=042  \\$apcc
=043  \\$aa-ja---
=050  \4$aPL698.W65$bG37 2011
=084  \\$a814.9$2njb/9
=245  00$6880-01$aGappon Josei no kotoba, Dansei no kotoba.$pShokuba hen /$cGendai Nihongo Kenkyūkai hen.
=250  \\$6880-02$aShohan.
=264  \1$6880-03$aTōkyō :$bHitsuji Shobō,$c2011.
=300  \\$aviii, 276, 245 pages :$billustrations ;$c21 cm
=300  \\$a1 computer disc ;$c4 3/4 in.
=336  \\$atext$2rdacontent
=337  \\$aunmediated$2rdamedia
=337  \\$acomputer$2rdamedia
=338  \\$avolume$2rdacarrier
=338  \\$acomputer disc$2rdacarrier
=500  \\$aCollection of manifestations originally published, 1997 and 2002.
=504  \\$aIncludes bibliographical references and indexes.
=650  07$6880-04$aJoseigo.$2jlabsh/4
=650  07$6880-05$aNihongo-Isō.$2jlabsh/4
=650  07$6880-06$aDansei.$2jlabsh/4
=650  \0$aJapanese language$xSex differences.
=650  \0$aWomen employees$zJapan$xLanguage.
=650  \0$aMale employees$zJapan$xLanguage.
=710  2\$6880-07.$aGendai Nihongo Kenkyūkai.
=730  02$6880-08$aJosei no kotoba.$pShokuba hen.
=730  02$6880-09$aDansei no kotoba.$pShokuba hen.
=856  4\$uhttp://www.bk1.jp/trcno/11028256/?partnerid=oclc&siteid=oclc$zJapanese record available for display
=880  00$6245-01$a合本女性のことば・男性のことば.$p職場編 /$c現代日本語研究会編.
=880  \\$6250-02$a初版.
=880  \1$6264-03$a東京 :$bひつじ書房,$c2011.
=880  07$6650-04$a女性語.$2jlabsh/4
=880  07$6650-05$a日本語-位相.$2jlabsh/4
=880  07$6650-06$a男性.$2jlabsh/4
=880  2\$6710-07$a現代日本語研究会.
=880  02$6730-08$a女性のことば.$p職場編.
=880  02$6730-09$a男性のことば.$p職場編.
=852  41$aBritish Library$bOC$jEMP.2013.a.10
=CAT  \\$a13812$b40$c20121022$lBLL01$h0938
=CAT  \\$aWR12170$c20121116$lBLL01$h1706
=CAT  \\$aBATCH-UPD$b00$c20230504$lBLL01$h1711
=SID  \\$aZ39$bOCLC
=STA  \\$aSUPPRESSED$bPreliminary Record
=LAS  \\$aBATCH-UPD$b00$c20230504$lBLL01$h1711

