=LDR  01450 am a22004095a 4500
=001  016217764
=003  Uk
=005  20121126124728.0
=008  121105s2012\\\\ja\\\\\\\\\\\\000\0\jpn\d
=FMT  \\$a  BK
=020  \\$a9784588321276
=020  \\$a4588321277
=035  \\$a(OCoLC)815900133
=040  \\$aTRCLS$beng$cTRCLS
=042  \\$aukblderived
=084  \\$a585.6$2njb/9
=100  1\$6880-01$aKume, Yasuo.
=245  10$6880-02$aWashi bunka kenkyū jiten /$cKume Yasuo.
=246  1\$aWashi bunka jiten
=260  \\$6880-03$aTōkyō :$bHōseidaigakushuppankyoku,$c2012.
=300  \\$a437 p. ;$c22 cm.
=336  \\$atext$2rdacontent
=337  \\$aunmediated$2rdamedia
=338  \\$avolume$2rdacarrier
=650  07$6880-04$aWashi-Jiten.$2jlabsh/4
=856  4\$uhttp://www.bk1.jp/trcno/12056759/?partnerid=oclc&siteid=oclc$zJapanese record available for display
=880  1\$6100-01$a久米康生.
=880  10$6245-02$a和紙文化研究事典 /$c久米康生著.
=880  \\$6260-03$a東京 :$b法政大学出版局,$c2012.
=880  \\$6500-00$a「和紙文化辞典」(わがみ堂 1995年刊)の改題増補改訂版
=880  \\$6500-00$a和紙史略年表:p389-422
=880  07$6650-04$a和紙-辞典.$2jlabsh/4
=852  41$aBritish Library$bOC$jYP.2013.a.1661
=CAT  \\$a13812$b40$c20121126$lBLL01$h1247
=SID  \\$aZ39$bOCLC
=STA  \\$aSUPPRESSED$bPreliminary Record
=LAS  \\$a13812$b40$c20121126$lBLL01$h1247

