=LDR  01887cas a22004815a 4500
=001  016228212
=003  Uk
=005  20121210123509.0
=007  ta
=008  121001s2012\\\\ja\\\\\\\\\\\\000\0\jpn\d
=FMT  \\$a  SE
=020  \\$a9784091435026
=020  \\$a4091435025
=035  \\$a(OCoLC)811561468
=040  \\$aTRCLS$beng$cTRCLS
=042  \\$aukblderived
=084  \\$a726.1$2njb/9
=100  1\$6880-01$aFujiko efu fujio.
=245  10$6880-02$aYūtopia saigo no sekai taisen :$btenshi no tamachan /$cFujiko efu fujio;Fujiko efu fujio;Fujiko Fujio ē.
=260  \\$6880-03$aTōkyō :$bShōgakukan,$c2012.
=300  \\$a149 p. ;$c21 cm.
=336  \\$atext$2rdacontent
=337  \\$aunmediated$2rdamedia
=338  \\$avolume$2rdacarrier
=490  1\$6880-04$aFujiko efu fujio daizenshū ;$v33
=700  1\$6880-05$aFujiko efu fujio.
=700  1\$6880-06$aFujiko, Fujio ē.
=830  \0$6880-07$aFujiko efu fujio daizenshū ;$v33.
=856  4\$uhttp://www.bk1.jp/trcno/12050796/?partnerid=oclc&siteid=oclc$zJapanese record available for display
=880  1\$6100-01$a藤子・F・不二雄.
=880  10$6245-02$aUTOPIA最後の世界大戦 :$b天使の玉ちゃん /$c藤子・F・不二雄 作;藤子・F・不二雄;藤子 不二雄A 著.
=880  \\$6260-03$a東京 :$b小学館,$c2012.
=880  1\$6490-04$a藤子・F・不二雄大全集 ;$v[33]
=880  \\$6500-00$a欧文タイトル:The Complete Works of Fujiko・F・Fujio
=880  1\$6700-05$a藤子・F・不二雄.
=880  1\$6700-06$a藤子 不二雄A.
=880  \0$6830-07$a藤子・F・不二雄大全集 ;$v[33]
=852  41$aBritish Library$bOC$jJPN.2013.a.8
=CAT  \\$a13812$b40$c20121210$lBLL01$h1235
=CAT  \\$aBATCH-UPD$b40$c20230504$lBLL01$h1711
=SID  \\$aZ39$bOCLC
=STA  \\$aSUPPRESSED$bPreliminary Record
=LAS  \\$aBATCH-UPD$b40$c20230504$lBLL01$h1711

