=LDR  02208 ai a2200541 i 4500
=001  016232301
=003  Uk
=005  20121217151213.0
=006  m\\\\\o\\d\\\\\\\\
=007  cr\cn|||||||||
=008  090109c200u9999fluuu\doo\\\\\0\\\\2eng\c
=FMT  \\$a  SE
=010  \\$a2010234119
=035  \\$a(OCoLC)297537759
=040  \\$aNNC$beng$cNNC$dNcU$dMH$dCU-S$dOCoLC$dInU$dOCoLC$dST-EdSUN$dUk
=041  0\$aeng$aspa$afre$apor
=042  \\$apcc
=043  \\$acl-----
=050  \4$aF1401
=082  04$a079.8$223
=245  00$aLatin American newspapers$h[electronic resource].
=260  \\$a[Naples, Fla.] :$bReadex
=336  \\$atext$2rdacontent
=337  \\$acomputer$2rdamedia
=338  \\$aonline resource$2rdacarrier
=362  1\$aBegan in 2008?
=500  \\$a"A World newspaper archive collection".
=506  \\$aAccess restricted to subscribers.
=500  \\$aPublished by Readex in partnership with the Center for Research Libraries.
=520  \\$aSearchable collection of historical Latin American newspapers. Once completed this collection will include 35 newspapers published between 1805 and 1922 in Argentina, Belize, Brazil, Chile, Columbia, Costa Rica, Cuba, El Salvador, Guatemala, Guyana, Haiti, Honduras, Mexico, Nicaragua, Paraguay, Peru, Trinidad and Venezuela.
=546  \\$aEnglish, Spanish, French, and Portuguese.
=588  \\$aTitle from home page (viewed Dec. 17, 2012).
=650  \0$aLatin American newspapers$vDatabases.
=651  \0$aLatin America$xHistory$y19th century$vSources.
=651  \0$aLatin America$xHistory$y20th century$vSources.
=655  \4$aElectronic reference sources.
=710  2\$aReadex, Inc.
=710  2\$aCenter for Research Libraries (U.S.)
=773  0\$tWorld newspaper archive.
=856  40$uhttp://www.newsbank.com/Readex/product.cfm?product=292$zFor subscribers only, follow link to resource
=852  41$aBritish Library$bHMNTS$je-media
=CAT  \\$a10902$b40$c20121217$lBLL01$h1329
=CAT  \\$a3072$b40$c20121217$lBLL01$h1512
=CAT  \\$aBATCH-UPD$b40$c20131021$lBLL01$h1141
=FIN  \\$aY$d20121217
=SID  \\$aZ39$bSUNCAT
=STA  \\$aSUPPRESSED$bDatabase
=LAS  \\$aBATCH-UPD$b40$c20131021$lBLL01$h1141

