=LDR  02385 ai a2200553 a 4500
=001  016240667
=003  Uk
=005  20170425153926.0
=006  m\\\\\o\\d\\\\\\\\
=007  cr||||||||||||
=008  120426c20129999enkux\d\o\\\\\0\\\a2eng\d
=FMT  \\$a  SE
=015  \\$aGBB300160$2bnb
=020  \\$a9781780934648 (online resource)
=020  \\$a1780934645 (online resource)
=022  0\$a2514-8303$202
=035  \\$a(OCoLC)811138782
=040  \\$aStDuBDS$cUAB$dOCLCO$dOCLCQ$dUk
=042  \\$aukblsr$aissnuk
=050  \4$aDA566.9.C5
=082  04$a941.082092$223
=222  \0$aChurchill archive
=245  00$aChurchill archive$h[electronic resource] :$ba window on history.
=260  \\$a[London] :$bBloomsbury,$cc2012-
=336  \\$atext$2rdacontent
=337  \\$acomputer$2rdamedia
=338  \\$aonline resource$2rdacarrier
=500  \\$aPrepared by the archivists at the Churchill Archives Centre in Cambridge.
=506  \\$aAccess restricted to authorized users and institutions.
=520  8\$a'The Churchill Archive' is a massive resource that brings together online nearly a million documents amassed by Winston Churchill through out his lifetime, including hand-written notes and private letters. It will also offer an expanding range of additional materials - pedagogical resources and secondary materials, video and audio content, and more.
=588  \\$aDescription based on online resource; title from home page (viewed on Sept. 24, 2012).
=600  10$aChurchill, Winston,$d1874-1965$vDatabases.
=600  10$aChurchill, Winston,$d1874-1965$vSources$vDatabases.
=651  \0$aGreat Britain$xHistory$y20th century$vSources$vDatabases.
=651  \0$aGreat Britain$xHistory$vSources$vDatabases.
=700  1\$aChurchill, Winston,$d1874-1965.
=710  2\$aChurchill College.$bArchives Centre.
=787  0\$tChurchill archive for schools$x2514-8311
=856  40$uhttp://www.churchillarchive.com/index$zFor subscribers only
=852  41$aBritish Library$bHMNTS$je-media
=CAT  \\$a3072$b40$c20130103$lBLL01$h1544
=CAT  \\$a3072$b40$c20130103$lBLL01$h1558
=CAT  \\$aBATCH-UPD$b40$c20131021$lBLL01$h1141
=CAT  \\$a10806$b40$c20170425$lBLL01$h1526
=CAT  \\$a10806$b40$c20170425$lBLL01$h1539
=FIN  \\$aY$d20130103
=SID  \\$aZ39$bOCLC
=STA  \\$aSUPPRESSED$bDatabase
=LAS  \\$a10806$b40$c20170425$lBLL01$h1539

