=LDR  03305cam a22005175a 4500
=001  016247226
=003  Uk
=005  20130109084510.0
=008  120319s2012\\\\ja\a\\\\\b\\\\001\0\jpn\c
=FMT  \\$a  BK
=020  \\$a9784623061501
=020  \\$a4623061507
=035  \\$a(OCoLC)780475783
=040  \\$aTRCLS$cTRCLS$dNDD$dPIT$dIUL
=042  \\$aukblderived
=042  \\$apcc
=043  \\$aa-ja---
=050  \4$aML3545$b.M56 2012
=084  \\$a767.5$2njb/9
=245  00$6880-01$aMin'yō kara mita sekai ongaku :$buta no chimyaku o saguru /$cHosokawa Shūhei hencho.
=246  1\$iTitile on jacket:$aFolk song as world music
=250  \\$6880-02$aShohan.
=260  \\$6880-03$aKyōto-shi :$bMineruva Shobō,$c2012.
=300  \\$axiv, 417, 8 p. :$bill. ;$c22 cm.
=336  \\$atext$2rdacontent
=337  \\$aunmediated$2rdamedia
=338  \\$avolume$2rdacarrier
=546  \\$aIn Japanese.
=504  \\$aIncludes bibliographical references and indexes.
=650  \0$aFolk songs$xHistory and criticism.
=650  \0$aFolk songs$zJapan$xHistory and criticism.
=650  07$6880-04$aMin'yō.$2jlabsh/4
=700  1\$6880-05.$aHosokawa, Shūhei,$d1955-
=856  4\$uhttp://www.bk1.jp/trcno/12013979/?partnerid=oclc&siteid=oclc$zJapanese record available for display
=880  00$6245-01$a民謡からみた世界音楽 :$bうたの地脈を探る /$c細川周平編著.
=880  \\$6250-02$a初版.
=880  \\$6260-03$a京都市 :$bミネルヴァ書房,$c2012.
=880  0\$6505-00$a民謡を考える -- 黎明期の民謡収集・研究とヘルダーの「民」の概念 / 阪井葉子 -- インドにおける「フォーク」概念の変遷と特徴 / 井上貴子 -- 憂鬱の系譜 / 大和田俊之 -- ローマックス父子の活動 / 柿沼敏江 -- 柳田民謡論の可能性 / 武田俊輔 -- 兼常清佐の民謡論を読む / 藤田隆則 -- 「日本民謡大観」前夜 / 島添貴美子 -- 統合する「民謡」, 抵抗する「民謡」 / 林慶花 -- 民謡を伝える -- ホールでうたう / 長尾洋子 -- 沖縄音楽レコードにおける〈媒介者〉の機能 / 高橋美樹 -- かっぽれ百態 / 竹内有一 -- ハワイの盆踊り歌 / 早稲田みな子 -- ハワイ日系人の「ホレホレ節」 / 中原ゆかり -- 歌の実践にみられる「田舎」の創造 / 倉田量介 -- ベネズエラ民謡「ホローポ」の創造 / 石橋純 -- 「ダニー・ボーイ」は戦争に行った / 森博史 -- 民謡をつくる -- 一九世紀ブダペストの「民謡」 / 横井雅子 -- バルトーク「子供のために」をめぐって / 伊東信宏 -- どうして沖縄ふうなんだろう / 三井徹 -- 〈民謡〉から流行歌へ / 松村洋 -- ジャズ民謡の系譜 / 細川周平 -- 三橋美智也とうたごえ運動 / 輪島裕介 -- 三輪眞弘「東の唄」と「ありえたかもしれない民謡」の虛実 / 岡田暁生.
=880  07$6650-04$a民謡.$2jlabsh/4
=880  1\$6700-05$a細川周平,$d1955-
=852  41$aBritish Library$bOC$jJPN.2013.a.157
=CAT  \\$a13812$b40$c20130109$lBLL01$h0845
=CAT  \\$aBATCH-UPD$b40$c20230504$lBLL01$h1711
=SID  \\$aZ39$bOCLC
=STA  \\$aSUPPRESSED$bPreliminary Record
=LAS  \\$aBATCH-UPD$b40$c20230504$lBLL01$h1711

