=LDR  01350 am a22003735a 4500
=001  016278651
=003  Uk
=005  20130218115553.0
=008  121224s2012\\\\ja\\\\\\\\\\\\000\0\jpn\d
=FMT  \\$a  BK
=020  \\$a9784838232390
=020  \\$a483823239X
=035  \\$a(OCoLC)822875991
=040  \\$aTRCLS$beng$cTRCLS
=042  \\$aukblderived
=084  \\$a913.49$2njb/9
=100  1\$6880-01$aSawai, Taizō.
=245  10$6880-02$aMuromachi monogatari kenkyū :$bemaki ehon eno bungakuteki apurōchi /$cSawai Taizō.
=260  \\$6880-03$aTōkyō :$bMiyaishoten,$c2012.
=300  \\$a375, 4 p. ;$c22 cm.
=336  \\$atext$2rdacontent
=337  \\$aunmediated$2rdamedia
=338  \\$avolume$2rdacarrier
=650  07$6880-04$aOtogi zōshi.$2jlabsh/4
=856  4\$uhttp://www.bookportal.jp/trcno/12065868/?partnerid=oclc&siteid=oclc$zJapanese record available for display
=880  1\$6100-01$a沢井耐三.
=880  10$6245-02$a室町物語研究 :$b絵卷・絵本への文学的アプローチ /$c沢井耐三著.
=880  \\$6260-03$a東京 :$b三弥井書店,$c2012.
=880  07$6650-04$aお伽草子.$2jlabsh/4
=852  41$aBritish Library$bOC$jJPN.2013.a.106
=CAT  \\$a13812$b40$c20130218$lBLL01$h1155
=SID  \\$aZ39$bOCLC
=STA  \\$aSUPPRESSED$bPreliminary Record
=LAS  \\$a13812$b40$c20130218$lBLL01$h1155

