=LDR  01351 am a22003855a 4500
=001  016278667
=003  Uk
=005  20130218121524.0
=008  121224s2012\\\\ja\\\\\\\\\\\\000\0\jpn\d
=FMT  \\$a  BK
=020  \\$a9784130860444
=020  \\$a4130860445
=035  \\$a(OCoLC)822876848
=040  \\$aTRCLS$beng$cTRCLS
=042  \\$aukblderived
=084  \\$a913.434$2njb/9
=100  1\$6880-01$aHarada, Atsushi.
=245  10$6880-02$aHeike monogatari no bungakushi /$cHarada Atsushi.
=260  \\$6880-03$aTōkyō :$bTōkyōdaigakushuppankai,$c2012.
=300  \\$a284, 7 p. ;$c22 cm.
=336  \\$atext$2rdacontent
=337  \\$aunmediated$2rdamedia
=338  \\$avolume$2rdacarrier
=650  07$6880-04$aHeike monogatari.$2jlabsh/4
=856  4\$uhttp://www.bookportal.jp/trcno/12066754/?partnerid=oclc&siteid=oclc$zJapanese record available for display
=880  1\$6100-01$a原田敦史.
=880  10$6245-02$a平家物語の文学史 /$c原田敦史著.
=880  \\$6260-03$a東京 :$b東京大学出版会,$c2012.
=880  07$6650-04$a平家物語.$2jlabsh/4
=852  41$aBritish Library$bOC$jJPN.2013.a.107
=CAT  \\$a13812$b40$c20130218$lBLL01$h1215
=CAT  \\$aBATCH-UPD$b40$c20141205$lBLL01$h1053
=SID  \\$aZ39$bOCLC
=STA  \\$aSUPPRESSED$bPreliminary Record
=LAS  \\$aBATCH-UPD$b40$c20141205$lBLL01$h1053

