=LDR  01884 am a22005055a 4500
=001  016278766
=003  Uk
=005  20130218142652.0
=008  130128s2013\\\\ja\a\\\\\b\\\\000\0\jpn\d
=FMT  \\$a  BK
=020  \\$a9784642057622
=020  \\$a4642057625
=035  \\$a(OCoLC)825539482
=040  \\$aTRCLS$beng$cTRCLS$dCUI
=042  \\$aukblderived
=043  \\$aa-ja---
=050  \4$aNA6050$b.M57 2013
=084  \\$a521.817$2njb/9
=100  1\$6880-01$aMiura, Masayuki.
=245  10$6880-02$aJinja no honden :$bkenchiku ni miru kami no kūkan /$cMiura Masayuki.
=260  \\$6880-03$aTōkyō :$bYoshikawa Kōbunkan,$c2013.
=300  \\$a7, 239 p. :$bill. ;$c19 cm.
=336  \\$atext$2rdacontent
=337  \\$aunmediated$2rdamedia
=338  \\$avolume$2rdacarrier
=490  1\$6880-04$aRekishi bunka raiburarī ;$v362
=504  \\$aIncludes bibliographical references (p. 238-239).
=650  \0$aShinto architecture$xHistory.
=650  \0$aShinto shrines$xHistory.
=650  \0$aArchitecture$zJapan$xHistory.
=650  07$6880-05$aJinja kenchiku.$2jlabsh/4
=830  \0$6880-06$aRekishi bunka raiburarī$v362.
=856  4\$uhttp://www.bookportal.jp/trcno/13003059/?partnerid=oclc&siteid=oclc$zJapanese record available for display
=880  1\$6100-01$a三浦正幸.
=880  10$6245-02$a神社の本殿 :$b建築にみる神の空間 /$c三浦正幸.
=880  \\$6260-03$a東京 :$b吉川弘文館,$c2013.
=880  1\$6490-04$a歴史文化ライブラリー ;$v362
=880  07$6650-05$a神社建築.$2jlabsh/4
=880  \0$6830-06$a歴史文化ライブラリー ;$v362
=852  41$aBritish Library$bOC$jJPN.2013.a.168
=CAT  \\$a13812$b40$c20130218$lBLL01$h1426
=CAT  \\$aBATCH-UPD$b40$c20200325$lBLL01$h1630
=SID  \\$aZ39$bOCLC
=STA  \\$aSUPPRESSED$bPreliminary Record
=LAS  \\$aBATCH-UPD$b40$c20200325$lBLL01$h1630

