=LDR  02006cam a22005295a 4500
=001  016285506
=003  Uk
=005  20130227113552.0
=008  120416s2012\\\\ja\a\\\\\b\\\\001\0\jpn\d
=FMT  \\$a  BK
=020  \\$a9784258046003
=020  \\$a4258046000
=035  \\$a(OCoLC)785868195
=040  \\$aTRCLS$cTRCLS$dCUY
=041  0\$ajpn$feng
=042  \\$aukblderived
=043  \\$aa-ch---
=084  \\$a302.224$2njb/9
=245  00$6880-01$aKōsakusuru Taiwan shakai /$cNumazaki Ichirō, Satō Yukihito hen.
=246  1\$iTitle on verso t.p.:$aComplexities in Taiwan society
=260  \\$6880-02$aChiba-shi :$bAjia Keizai Kenkyūjo,$c2012.
=300  \\$aviii, 374 p. :$bill. ;$c22 cm.
=336  \\$atext$2rdacontent
=337  \\$aunmediated$2rdamedia
=338  \\$avolume$2rdacarrier
=490  1\$6880-03$aKenkyū sōsho ;$vno. 600
=504  \\$aIncludes bibliographical references and index.
=546  \\$aIn Japanese, with table of contents also in English.
=651  \0$aTaiwan$xSocial conditions$y1975-
=651  \0$aTaiwan$xCivilization.
=650  07$aTaiwan.$2jlabsh/4
=700  1\$6880-04$aNumazaki, Ichirō.
=700  1\$6880-05.$aSatō, Yukihito.
=830  \0$6880-06$aKenkyū sōsho (Ajia Keizai Kenkyūjo (Japan))$v600.
=856  4\$uhttp://www.bk1.jp/trcno/12020788/?partnerid=oclc&siteid=oclc$zJapanese record available for display
=880  00$6245-01$a交錯する台湾社会 /$c沼崎一郎, 佐藤幸人編.
=880  \\$6260-02$a千葉市 :$bアジア経済研究所,$c2012.
=880  1\$6490-03$a研究双書 ;$vno. 600
=880  1\$6700-04$a沼崎一郎.
=880  1\$6700-05$a佐藤幸人.
=880  \0$6830-06$a研究双書 (Ajia Keizai Kenkyūjo (Japan)) ;$v600.
=852  41$aBritish Library$bOC$jS.T.100/196(600)
=CAT  \\$a13812$b40$c20130227$lBLL01$h1135
=CAT  \\$aBATCH-UPD$b40$c20230504$lBLL01$h1711
=SID  \\$aZ39$bOCLC
=STA  \\$aSUPPRESSED$bPreliminary Record
=LAS  \\$aBATCH-UPD$b40$c20230504$lBLL01$h1711

