=LDR  02184 am a22005655a 4500
=001  016285512
=003  Uk
=005  20130227113738.0
=008  120626s2012\\\\ja\ab\\\\b\\\f001\0\jpn\d
=FMT  \\$a  BK
=010  \\$a2012373277
=020  \\$a9784258045990
=020  \\$a4258045993
=035  \\$a(OCoLC)780476561
=040  \\$aTRCLS$beng$cTRCLS$dDLC$dHUA
=041  0\$ajpn$feng
=042  \\$aukblderived
=042  \\$alccopycat
=043  \\$aa-ii---
=050  00$aDS449$b.G46 2012
=082  04$a954.053$222
=084  \\$a319.25$2njb/9
=245  00$6880-01$aGendai Indo no kokusai kankei :$bmejā pawā e no mosaku /$cKondō Norio hen.
=246  15$aIndia's contemporary international relations :$bthe way to major power
=260  \\$6880-02$aChiba-shi :$bAjia Keizai Kenkyūjo,$c2012.
=300  \\$axii, 353 p. :$bill., map ;$c22 cm.
=336  \\$atext$2rdacontent
=337  \\$aunmediated$2rdamedia
=338  \\$avolume$2rdacarrier
=490  1\$6880-03$aKenkyū sōsho ;$v599
=546  \\$aTable of contents also in English.
=504  \\$aIncludes bibliographical references and index.
=651  \0$aIndia$xForeign relations$y21st century.
=650  \7$6880-04$aIndo-Taigai kankei.$2jlabsh/4
=700  1\$6880-05.$aKondō, Norio.
=830  \0$6880-06$aKenkyū sōsho (Ajia Keizai Kenkyūjo (Japan))$v599.
=856  4\$uhttp://www.bk1.jp/trcno/12014273/?partnerid=oclc&siteid=oclc$zJapanese record available for display
=880  00$6245-01$a現代インドの国際関係 :$bメジャー・パワーへの模索 /$c近藤則夫編.
=880  \\$6260-02$a千葉市 :$bアジア経済研究所,$c2012.
=880  1\$6490-03$a研究双書 ;$v599
=880  07$6650-04$aインド-対外関係.$2jlabsh/4
=880  1\$6700-05$a近藤則夫.
=880  \0$6830-06$a研究双書 (Ajia Keizai Kenkyūjo (Japan)) ;$v599.
=852  41$aBritish Library$bOC$jS.T.100/196(599)
=CAT  \\$a13812$b40$c20130227$lBLL01$h1137
=CAT  \\$aBATCH-UPD$b40$c20141220$lBLL01$h1418
=CAT  \\$aBATCH-UPD$b40$c20150509$lBLL01$h1959
=SID  \\$aZ39$bOCLC
=STA  \\$aSUPPRESSED$bPreliminary Record
=LAS  \\$aBATCH-UPD$b40$c20150509$lBLL01$h1959

