=LDR  01901 am a2200481 a 4500
=001  016285704
=003  Uk
=005  20150114163314.0
=008  130211t20132013ja\bdo\\\ab\\\001\0\jpn\d
=FMT  \\$a  BK
=020  \\$a9784815807191
=020  \\$a4815807191
=035  \\$a(OCoLC)827211179
=040  \\$aTRCLS$beng$cTRCLS$dUk
=042  \\$aukblderived
=084  \\$a683.222$2njb/9
=100  1\$6880-01$aMurakami, Ei,$d1973-
=245  10$6880-02$aUmi no kindai chūgoku :$bFukkenjin no katsudō to igirisu shinchō /$cMurakami Ei cho.
=260  \\$6880-03$aNagoya :$bNagoya Daigaku Shuppankai,$c2013.
=300  \\$axii, 472, 204 p. ;$bill. ;$c22 cm.
=336  \\$atext$2rdacontent
=337  \\$aunmediated$2rdamedia
=338  \\$avolume$2rdacarrier
=650  07$6880-04$aKaiun-Chūgoku.$2jlabsh/4
=650  07$6880-05$aFukkenshō.$2jlabsh/4
=650  07$6880-06$aChūgoku-Rekishi-Shin jidai.$2jlabsh/4
=650  07$6880-07$aChūgoku-Taigai kankei-Igirisu-Rekishi.$2jlabsh/4
=856  4\$uhttp://www.bookportal.jp/trcno/13006790/?partnerid=oclc&siteid=oclc$zJapanese record available for display
=880  1\$6100-01$a村上衛.
=880  10$6245-02$a海の近代中国 :$b福建人の活動とイギリス・清朝 /$c村上衛著.
=880  \\$6260-03$a名古屋 :$b名古屋大学出版会,$c2013.
=880  \\$6500-00$a文献:卷末p36-60
=880  07$6650-04$a海運-中国.$2jlabsh/4
=880  07$6650-05$a福建省.$2jlabsh/4
=880  07$6650-06$a中国-歴史-清時代.$2jlabsh/4
=880  07$6650-07$a中国-対外関係-イギリス-歴史.$2jlabsh/4
=852  41$aBritish Library$bOC$jJPN.2013.a.119
=CAT  \\$a13812$b40$c20130227$lBLL01$h1440
=CAT  \\$a11693$b40$c20150114$lBLL01$h1607
=CAT  \\$a11693$b40$c20150114$lBLL01$h1633
=SID  \\$aZ39$bOCLC
=STA  \\$aSUPPRESSED$bPreliminary Record
=LAS  \\$a11693$b40$c20150114$lBLL01$h1633

