=LDR  02807 am a22007095a 4500
=001  016290181
=003  Uk
=005  20130301131153.0
=008  120322s2012\\\\ja\a\\\\\b\\\\001\0\jpn\\
=FMT  \\$a  BK
=010  \\$a2011528596
=020  \\$a9784258045983
=020  \\$a4258045985
=035  \\$a(OCoLC)774273601
=040  \\$aDLC$beng$cDLC$dTRCLS$dHUA
=041  0\$ajpn$feng
=042  \\$aukblderived
=042  \\$apcc
=043  \\$af------$aaw-----
=050  00$aJQ1875$b.F86 2012
=084  \\$a312.4$2njb/9
=245  00$6880-01$aFunsō to kokka keisei :$bAfurika, Chūtō kara no shikaku /$cSatō Akira hen.
=246  31$aConflict and state-formation in Africa and the Middle East
=260  \\$6880-02$aChiba-shi :$bAjia Keizai Kenkyūjo,$c2012.
=300  \\$av, 252 p. :$bill. ;$c22 cm.
=336  \\$atext$2rdacontent
=337  \\$aunmediated$2rdamedia
=338  \\$avolume$2rdacarrier
=490  1\$6880-05$aKenkyū sōsho ;$v598
=546  \\$aTable of contents also in English.
=504  \\$aIncludes bibliographical references and indexes.
=651  \0$aAfrica$xPolitics and government$y1960-
=650  \0$aBoundary disputes.
=651  \0$aMiddle East$xPolitics and government$y1979-
=650  \0$aArab-Israeli conflict$y1973-1993.
=650  07$6880-07$aAfurika-Seiji gyōsei.$2jlabsh/4
=650  07$6880-08$aArabu shokoku-Seiji gyōsei.$2jlabsh/4
=650  07$6880-09$aNairan.$2jlabsh/4
=650  07$6880-10$aKokka.$2jlabsh/4
=700  1\$6880-04.$aSatō, Akira,$d1968-
=830  \0$6880-06$aKenkyū sōsho (Ajia Keizai Kenkyūjo (Japan))$v598.
=856  4\$uhttp://www.bk1.jp/trcno/12004265/?partnerid=oclc&siteid=oclc$zJapanese record available for display
=880  00$6245-01$a紛争と国家形成 :$bアフリカ・中東からの視角 /$c佐藤章編.
=880  \\$6260-02$a千葉市 :$bアジア経済研究所,$c2012.
=880  1\$6490-05$a研究双書 ;$v598
=880  07$6650-00$aアフリカ-政治・行政.$2jlabsh/4
=880  07$6650-00$aアラブ諸国-政治・行政.$2jlabsh/4
=880  07$6650-00$a内乱.$2jlabsh/4
=880  07$6650-00$a国家.$2jlabsh/4
=880  07$6650-07$aアフリカ-政治・行政.$2jlabsh/4
=880  07$6650-08$aアラブ諸国-政治・行政.$2jlabsh/4
=880  07$6650-09$a内乱.$2jlabsh/4
=880  07$6650-10$a国家.$2jlabsh/4
=880  1\$6700-04$a佐藤章,$d1968-
=880  \0$6830-06$a研究双書 (Ajia Keizai Kenkyūjo (Japan)) ;$v598.
=852  41$aBritish Library$bOC$jS.T.100/196(598)
=CAT  \\$a13812$b40$c20130301$lBLL01$h1311
=CAT  \\$aBATCH-UPD$b40$c20130301$lBLL01$h1312
=CAT  \\$aBATCH-UPD$b40$c20181010$lBLL01$h1745
=SID  \\$aZ39$bOCLC
=STA  \\$aSUPPRESSED$bPreliminary Record
=LAS  \\$aBATCH-UPD$b40$c20181010$lBLL01$h1745

