=LDR  02291 ai a2200541 i 4500
=001  016300766
=003  Uk
=005  20130923145310.0
=006  m\\\\\\\\d\|\\\\\\
=007  cr||||||||||||
=008  130313c200u9999xxu\x\d\o\h\\\0\\\c2rus\\
=FMT  \\$a  SE
=040  \\$aUk$beng$cUk$erda
=041  \\$arus$brus$beng
=042  \\$aukblsr
=082  04$a324.947086$223
=245  00$aRussia State Duma Election, 2011.
=246  1\$iThumbnail cover title:$aRussian State Duma Elections
=246  13$aRussian State Duma Election
=246  13$aElection ephemera collections (EL-EPH)
=246  13$aEast View election ephemera collections
=264  \1$aMinneapolis :$bEast View Information Services
=336  \\$atext$2rdacontent
=337  \\$acomputer$2rdamedia
=338  \\$aonline resource$2rdacarrier
=362  1\$aBegan in 2012?
=520  \\$aEphemera produced by candidate campaigns, citizens, and the Russian government, harvested during and after the election period by East View on site.
=546  \\$aSource documents in Cyrillic; interface mostly in English, with some Cyrillic and transliterated information.
=500  \\$aAt head of title: Universal databases.
=500  \\$aTitle from home page caption (viewed March 21, 2013).
=650  \0$aElections$zRussia (Federation)$vDatabases.
=651  \0$aRussia (Federation)$xPolitics and government$y1991-$vDatabases.
=650  \0$aLegislators$zRussia (Federation)$xBiography$vDatabases.
=856  40$uhttp://http://dlib.eastview.com/browse/publication/21166#$zFor subscribers only, requires user name and password
=852  41$aBritish Library$bHMNTS$je-media
=985  \\$anothing to derive just an embryo LC record under "Russian State Duma election ephemera, 2011".
=CAT  \\$a10902$b40$c20130313$lBLL01$h1425
=CAT  \\$a3072$b40$c20130321$lBLL01$h1200
=CAT  \\$a3072$b40$c20130321$lBLL01$h1216
=CAT  \\$a3072$b40$c20130321$lBLL01$h1325
=CAT  \\$a3072$b40$c20130321$lBLL01$h1427
=CAT  \\$a3072$b40$c20130923$lBLL01$h1401
=CAT  \\$a3072$b40$c20130923$lBLL01$h1446
=CAT  \\$a3072$b40$c20130923$lBLL01$h1453
=CAT  \\$aBATCH-UPD$b40$c20131021$lBLL01$h1141
=FIN  \\$aY$d20130923
=STA  \\$aSUPPRESSED$bDatabase
=LAS  \\$aBATCH-UPD$b40$c20131021$lBLL01$h1141

