=LDR  02122cam a22004935a 4500
=001  016326017
=003  Uk
=005  20130424115536.0
=008  110627s2011\\\\ja\a\\\\\bc\\\000\0\jpn\d
=FMT  \\$a  BK
=035  \\$a(OCoLC)733228383
=040  \\$aTRCLS$cTRCLS$dCOO
=042  \\$aukblderived
=050  \4$aZ997.K945$bK87 2011
=084  \\$a913.031$2njb/9
=245  00$6880-01$aKurokawa bunko mokuroku.$sShinpan /$cJissen Joshi Daigaku Toshokan ; Jissen Joshi Daigaku Bungei Shiryō Kenkyūjo hen.
=246  1\$6880-02$iAt head of title:$aJissen Joshi Daigaku Toshokan shozō
=250  \\$6880-03$aShinpan.
=260  \\$6880-04$aHino-shi :$bJissen Joshi Daigaku Toshokan,$c2011.
=300  \\$a319 p. :$bill. ;$c21 cm.
=336  \\$atext$2rdacontent
=337  \\$aunmediated$2rdamedia
=338  \\$avolume$2rdacarrier
=600  30$aKurokawa family$xLibrary.
=650  \0$aJapanese literature$vBibliography$vCatalogs.
=650  07$6880-05$aMonogatari bungaku-Shoshi.$2jlabsh/4
=710  2\$6880-06.$aJissen Joshi Daigaku.$bToshokan.
=710  2\$6880-07.$aJissen Joshi Daigaku.$bBungei Shiryō Kenkyūjo.
=856  4\$uhttp://www.bk1.jp/trcno/11103689/?partnerid=oclc&siteid=oclc$zJapanese record available for display
=880  00$6245-01$a黒川文庫目錄.$s新版 /$c実践女子大学図書館 ; 実践女子大学文芸資料研究所編.
=880  1\$6246-02$iAt head of title:$a実践女子大学図書館所蔵
=880  \\$6250-03$a新版.
=880  \\$6260-04$a日野市 :$b実践女子大学図書館,$c2011.
=880  \\$6500-00$a共同刊行:実践女子大学文芸資料研究所
=880  07$6650-05$a物語文学-書誌.$2jlabsh/4
=880  2\$6710-06$a実践女子大学.$b図書館.
=880  2\$6710-07$a実践女子大学.$b文芸資料研究所.
=852  41$aBritish Library$bOC$jJPN.2013.a.201
=CAT  \\$a13812$b40$c20130424$lBLL01$h1155
=CAT  \\$aBATCH-UPD$b40$c20130424$lBLL01$h1156
=CAT  \\$aBATCH-UPD$b40$c20230504$lBLL01$h1711
=SID  \\$aZ39$bOCLC
=STA  \\$aSUPPRESSED$bPreliminary Record
=LAS  \\$aBATCH-UPD$b40$c20230504$lBLL01$h1711

