=LDR  01867 am a22004575a 4500
=001  016425569
=003  Uk
=005  20130606125107.0
=008  091214s2009\\\\ja\a\\\\\c\\\\000\0\jpn\d
=FMT  \\$a  BK
=035  \\$a(OCoLC)488501267
=040  \\$aTRCLS$cTRCLS$dNDD
=041  0\$ajpn$aeng
=042  \\$aukblderived
=050  \4$aDS889$b.N546 2009
=084  \\$a210.76$2njb/9
=245  00$6880-01$aNihon no jigazō :$bshashin ga egaku sengo 1945-1964 /$cIshimoto Yasuhiro ... [et al.] satsuei ;Tada Tsuguo henshū.
=246  15$aJapan :$ba self-portrait : photographs 1945-1964
=260  \\$6880-02$aTōkyō :$bKurevisu,$c2009.
=300  \\$a237 p. :$achiefly ill. ;$c26 cm.
=336  \\$atext$2rdacontent
=337  \\$aunmediated$2rdamedia
=338  \\$avolume$2rdacarrier
=500  \\$6880-03$aCatalogue of the exhibition held at Setagaya Bijutsukan, May 2-June 21, 2009, and at three other museums.
=651  \0$aJapan$xHistory$y1945-$vPictorial works$vExhibitions.
=700  1\$6880-04$aIshimoto, Yasuhiro,$d1921-2012
=700  1\$6880-05$aTada, Tsuguo.
=710  2\$6880-06$aSetagaya Bijutsukan.
=856  4\$uhttp://www.bk1.jp/trcno/09106104/?partnerid=oclc&siteid=oclc$zJapanese record available for display
=880  00$6245-01$a日本の自画像 :$b写真が描く戦後 1945-1964 /$c石元泰博 ... [et al.] 撮影 ; 多田亜生編集.
=880  \\$6260-02$a東京 :$bクレヴィス,$c2009.
=880  1\$6700-04$a石元泰博,$d1921-
=880  1\$6700-05$a多田亜生.
=880  2\$6710-06$a世田谷美術館.
=852  41$aBritish Library$bOC$jYP.2013.b.613
=CAT  \\$a7565$b40$c20130606$lBLL01$h1116
=CAT  \\$a13812$b40$c20130606$lBLL01$h1251
=CAT  \\$aBATCH-UPD$b40$c20160724$lBLL01$h2050
=SID  \\$aZ39$bOCLC
=STA  \\$aSUPPRESSED$bPreliminary Record
=LAS  \\$aBATCH-UPD$b40$c20160724$lBLL01$h2050

