=LDR  01899cam a22003975a 4500
=001  016425638
=003  Uk
=005  20130606125455.0
=008  120625s2012\\\\ja\\\\\\\\\\\\000\0\jpn\d
=FMT  \\$a  BK
=035  \\$a(OCoLC)796783383
=040  \\$aTRCLS$cTRCLS
=042  \\$aukblderived
=084  \\$a708.7$2njb/9
=100  1\$6880-01$aErnst, Max.
=245  10$6880-02$aMakkusu erunsuto figyua sukēpu /$cErnst Max;Makkusu erunsuto figyua sukēputen jikkō iinkai.
=246  1\$aMakkusu erunsuto figyua sukēputen
=260  \\$6880-03$a[S.l.] :$bMakkusuerunsutofigyuasukēputenjikkōiinkai,$c2012.
=300  \\$a221 p. ;$c27 cm.
=336  \\$atext$2rdacontent
=337  \\$aunmediated$2rdamedia
=338  \\$avolume$2rdacarrier
=710  2\$6880-04$aMakkusu erunsuto figyua sukēputen jikkō iinkai.
=856  4\$uhttp://www.bk1.jp/trcno/12103215/?partnerid=oclc&siteid=oclc$zJapanese record available for display
=880  1\$6100-01$aマックス・エルンスト.
=880  10$6245-02$aマックス・エルンストフィギュア×スケープ /$cマックス・エルンスト作;「マックス・エルンスト-フィギュア×スケープ」展実行委員会編集.
=880  \\$6260-03$a[出版地不明] :$b「マックス・エルンスト-フィギュア×スケープ」展実行委員会,$cc2012.
=880  \\$6500-00$a奥付のタイトル:「マックス・エルンスト-フィギュア×スケープ」展
=880  \\$6500-00$aマックス・エルンスト略年譜:p206-209
=880  2\$6710-04$a「マックス・エルンスト-フィギュア×スケープ」展実行委員会.
=852  41$aBritish Library$bOC$jYP.2013.b.612
=CAT  \\$a13812$b40$c20130606$lBLL01$h1254
=CAT  \\$aBATCH-UPD$b40$c20230504$lBLL01$h1711
=SID  \\$aZ39$bOCLC
=STA  \\$aSUPPRESSED$bPreliminary Record
=LAS  \\$aBATCH-UPD$b40$c20230504$lBLL01$h1711

