=LDR  01313 am a22003615a 4500
=001  016456621
=003  Uk
=005  20130723123102.0
=008  130722s2012\\\\ja\\\\\\\\\\\\000\0\jpn\d
=FMT  \\$a  BK
=035  \\$a(OCoLC)853442212
=040  \\$aTRCLS$beng$cTRCLS
=042  \\$aukblderived
=084  \\$a755.4$2njb/9
=245  00$6880-01$aEdo no iki inrō :$bfinrando kuresu korekushon topikku tenji.
=260  \\$6880-02$a[S.l.] :$bKyūshūkokuritsuhakubutsukan,$c2012.
=300  \\$a178 p. ;$c31 cm.
=336  \\$atext$2rdacontent
=337  \\$aunmediated$2rdamedia
=338  \\$avolume$2rdacarrier
=600  14$aKress, Heinz.
=600  14$aKress, Else.
=650  07$6880-05$aInrō-Zushū.$2jlabsh/4
=856  4\$uhttp://www.bookportal.jp/trcno/13103804/?partnerid=oclc&siteid=oclc$zJapanese record available for display
=880  00$6245-01$a江戶の粋、印籠 :$bフィンランド・クレスコレクション トピック展示.
=880  \\$6260-02$a太宰府 :$b九州国立博物館,$c2012.
=880  \\$6500-00$a英文併記
=880  07$6650-05$a印籠-図集.$2jlabsh/4
=852  41$aBritish Library$bOC$jLP.31.b.1062
=CAT  \\$a13812$b40$c20130723$lBLL01$h1231
=SID  \\$aZ39$bOCLC
=STA  \\$aSUPPRESSED$bPreliminary Record
=LAS  \\$a13812$b40$c20130723$lBLL01$h1231

