=LDR  01611 am a22003975a 4500
=001  016469631
=003  Uk
=005  20130808154125.0
=008  130617s2013\\\\ja\\\\\\\\\\\\000\0\jpn\d
=FMT  \\$a  BK
=035  \\$a(OCoLC)848605225
=040  \\$aTRCLS$beng$cTRCLS
=042  \\$aukblderived
=084  \\$a721.8$2njb/9
=245  00$6880-01$aNishikawa sukenobu o yomu :$bnishikawa sukenobu kenkyūkai ronbunshū /$cIshigami Aki;Ishigami Aki.
=260  \\$6880-02$aKyōto :$bRitsumeikandaigakuātorisāchisentā,$c2013.
=300  \\$a167 p. ;$c26 cm.
=336  \\$atext$2rdacontent
=337  \\$aunmediated$2rdamedia
=338  \\$avolume$2rdacarrier
=600  14$6880-03$aNishikawa, Sukenobu.
=700  1\$6880-04$aIshigami, Aki.
=700  1\$6880-05$aIshigami, Aki.
=856  4\$uhttp://www.bookportal.jp/trcno/13102917/?partnerid=oclc&siteid=oclc$zJapanese record available for display
=880  00$6245-01$a西川祐信を読む :$b西川祐信研究会論文集 /$c石上阿希編;石上阿希ほか著.
=880  \\$6260-02$a京都 :$b立命館大学アート・リサーチセンター,$c2013.
=880  \\$6500-00$a西川祐信春画目錄 白倉敬彦編:p113-117 西川祐信参考文献目錄(稿):p119-126
=880  14$6600-03$a西川祐信.
=880  1\$6700-04$a石上阿希.
=880  1\$6700-05$a石上阿希.
=852  41$aBritish Library$bOC$jYP.2013.b.730
=CAT  \\$a13812$b40$c20130808$lBLL01$h1541
=CAT  \\$aBATCH-UPD$b40$c20140327$lBLL01$h2334
=SID  \\$aZ39$bOCLC
=STA  \\$aSUPPRESSED$bPreliminary Record
=LAS  \\$aBATCH-UPD$b40$c20140327$lBLL01$h2334

