=LDR  01611 am a22004335a 4500
=001  016470162
=003  Uk
=005  20130809120818.0
=008  130611s2012\\\\ja\a\\\\\\\\\\001\0\jpn\\
=FMT  \\$a  BK
=010  \\$a2013385918
=020  \\$a9784022510082
=020  \\$a4022510080
=035  \\$a(OCoLC)852682843
=040  \\$aDLC$beng$cDLC$dOCLCO$erda
=042  \\$aukblderived
=042  \\$apcc
=043  \\$aa-ja---
=050  00$aTK1365.J3$bJ66 2012
=100  1\$6880-01$aJōmaru, Yōichi,$d1955-
=245  10$6880-02$aGenpatsu to media :$bshinbun jānarizumu 2-dome no haiboku /$cJōmaru Yōichi.
=264  \1$6880-03$aTōkyō-to Chūō-ku :$bAsahi Shinbun Shuppan,$c2012.
=300  \\$a449, 4 pages :$billustrations ;$c20 cm
=336  \\$atext$2rdacontent
=337  \\$aunmediated$2rdamedia
=338  \\$avolume$2rdacarrier
=500  \\$aIncludes index.
=650  \0$aNuclear power plants$xAccidents$xPress coverage$zJapan.
=856  4\$uhttp://www.bk1.jp/trcno/12048270/?partnerid=oclc&siteid=oclc$zJapanese record available for display
=880  1\$6100-01$a上丸洋一,$d1955-
=880  10$6245-02$a原発とメディア :$b新聞ジャーナリズム2度目の敗北 /$c上丸洋一.
=880  \1$6264-03$a東京都中央区 :$b朝日新聞出版,$c2012.
=852  41$aBritish Library$bOC$jJPN.2014.a.4
=CAT  \\$a13812$b40$c20130809$lBLL01$h1208
=CAT  \\$aBATCH-UPD$b40$c20130809$lBLL01$h1209
=CAT  \\$aBATCH-UPD$b40$c20180718$lBLL01$h1730
=SID  \\$aZ39$bOCLC
=STA  \\$aSUPPRESSED$bPreliminary Record
=LAS  \\$aBATCH-UPD$b40$c20180718$lBLL01$h1730

