=LDR  01569 am a22004455a 4500
=001  016470964
=003  Uk
=005  20150626082316.0
=008  130605s2013\\\\ja\a\\\\\\\\\\000\0\jpn\\
=FMT  \\$a  BK
=010  \\$a2013385884
=020  \\$a9784585220497
=020  \\$a4585220496
=040  \\$aDLC$beng$cDLC$erda
=042  \\$aukblderived
=042  \\$apcc
=066  \\$c{dollar}1
=100  1\$6880-01$aKondō, Ariyoshi,$d1931-
=245  10$6880-02$aSaidaiji no sōken to Shōtoku Tennō /$cKondō Ariyoshi cho.
=250  \\$6880-03$aShohan.
=264  \1$6880-04$aTōkyō-to Chiyoda-ku :$bBensei Shuppan,$c2013.
=300  \\$a12, 245, 7 pages :$billustrations ;$c22 cm
=336  \\$atext$2rdacontent
=337  \\$aunmediated$2rdamedia
=338  \\$avolume$2rdacarrier
=880  1\$6100-01/{dollar}1$a近藤有宜,$d1931-
=880  10$6245-02/{dollar}1$a西大寺の創建と称徳天皇 /$c近藤有宜著.
=880  \\$6250-03/{dollar}1$a初版.
=880  \1$6264-04/{dollar}1$a東京都千代田区 :$b勉誠出版,$c2013.
=880  \\$6500-00/{dollar}1$a布装
=880  14$6600-00/{dollar}1$a孝謙天皇.
=856  4\$uhttp://www.bookportal.jp/trcno/13012034/?partnerid=oclc&siteid=oclc$zJapanese record available for display
=852  41$aBritish Library$bOC$jJPN.2014.a.23
=CAT  \\$a13812$b40$c20130812$lBLL01$h0944
=CAT  \\$aBATCH-UPD$b40$c20131019$lBLL01$h1708
=CAT  \\$a11693$b40$c20150626$lBLL01$h0822
=CAT  \\$a11693$b40$c20150626$lBLL01$h0823
=SID  \\$aZ39$bLOC
=STA  \\$aSUPPRESSED$bPreliminary Record
=LAS  \\$a11693$b40$c20150626$lBLL01$h0823

