=LDR  02728 am a22006495a 4500
=001  016471015
=003  Uk
=005  20130812111159.0
=008  130304s2013\\\\ja\\\\\\\b\\\\001\0\jpn\c
=FMT  \\$a  BK
=020  \\$a9784757606463
=020  \\$a475760646X
=035  \\$a(OCoLC)828853186
=040  \\$aJaToTRC$beng$cTRCLS$dZCU$dOCLCO$dOCLCQ$erda
=042  \\$aukblderived
=042  \\$apcc
=043  \\$aa-ja---
=050  \4$aPL795.H58$bZ75 2013
=084  \\$a913.52$2njb/9
=100  1\$6880-01$aMizutani, Takayuki,$d1974-
=240  10$6880-02$aHōjō Dansui no kenkyū
=245  10$6880-03$aSaikaku to Dansui no kenkyū /$cMizutani Takayuki cho.
=250  \\$6880-04$aShohan.
=264  \1$6880-05$aŌsaka-shi :$bIzumi Shoin,$c2013.
=300  \\$avi, 343 pages ;$c22 cm.
=336  \\$atext$btxt$2rdacontent
=337  \\$aunmediated$bn$2rdamedia
=338  \\$avolume$bnc$2rdacarrier
=490  1\$6880-06$aKenkyū sōsho ;$v429
=500  \\$aBased on the author's thesis (doctoral)--Tōkyō Daigaku, 2007, entitled: Hōjō Dansui no kenkyū.
=504  \\$aIncludes bibliographical references and index.
=600  14$6880-07$aHōjō, Dansui.
=600  14$6880-08$aIhara, Saikaku.
=600  10$6880-09$aHōjō, Dansui,$d1663-1711$xCriticism and interpretation.
=600  10$6880-10$aIhara, Saikaku,$d1642-1693$xCriticism and interpretation.
=775  08$6880-11$iRevision of:$aMizutani, Takayuki, 1974-$tHōjō Dansui no kenkyū.$w(JTNDL)000010051973$d2007$h1 volume
=830  \0$6880-12$aKenkyū sōsho (Izumi Shoin)$v429.
=856  4\$uhttp://www.bookportal.jp/trcno/13009851/?partnerid=oclc&siteid=oclc$zJapanese record available for display
=880  1\$6100-01$a水谷隆之,$d1974-
=880  10$6240-02$a北条団水の研究
=880  10$6245-03$a西鶴と団水の研究 /$c水谷隆之著.
=880  \\$6250-04$a初版.
=880  \1$6264-05$a大阪市 :$b和泉書院,$c二〇一三.
=880  1\$6490-06$a研究叢書 ;$v429
=880  14$6600-07$a北条団水.
=880  14$6600-08$a井原西鶴.
=880  14$6600-09$a北條團水,$d1663-1711$xCriticism and interpretation.
=880  14$6600-10$a井原西鶴,$d1642-1693$xCriticism and interpretation.
=880  08$6775-11$iRevision of:$a水谷隆之, 1974-$t北条団水の研究.$d2007$h1 volume$w(JTNDL)000010051973
=880  \0$6830-12$a研究叢書 (Izumi Shoin) ;$v429.
=852  41$aBritish Library$bOC$jJPN.2014.a.25
=CAT  \\$a13812$b40$c20130812$lBLL01$h1111
=CAT  \\$aBATCH-UPD$b40$c20130812$lBLL01$h1112
=CAT  \\$aBATCH-UPD$b40$c20161016$lBLL01$h2131
=SID  \\$aZ39$bOCLC
=STA  \\$aSUPPRESSED$bPreliminary Record
=LAS  \\$aBATCH-UPD$b40$c20161016$lBLL01$h2131

