=LDR  02201cam a22005775a 4500
=001  016471036
=003  Uk
=005  20130812113705.0
=008  130318s2013\\\\ja\ab\\\\b\\\\000\0\jpn\d
=FMT  \\$a  BK
=020  \\$a9784886216304
=020  \\$a4886216307
=035  \\$a(OCoLC)830276354
=040  \\$aTRCLS$beng$cTRCLS$dCOO$erda
=042  \\$aukblderived
=043  \\$aa-ja---$aa-kr---
=050  \4$aDS815$b.S35 2013
=084  \\$a210.32$2njb/9
=100  1\$6880-01,$aSakai, Kiyoji,$d1949-$eauthor.
=245  10$6880-02$aDoki kara mita kofun jidai no Nikkan kōryū /$cSakai Kiyoji cho.
=260  \\$6880-03$aTōkyō :$bDōseisha,$c2013.
=300  \\$aviii, 310 pages :$billustrations, maps ;$c22 cm
=336  \\$atext$btxt$2rdacontent
=337  \\$aunmediated$bn$2rdamedia
=338  \\$avolume$bnc$2rdacarrier
=504  \\$aIncludes bibliographical references.
=651  \0$aJapan$xAntiquities.
=651  \0$aKorea$xAntiquities.
=651  \0$aJapan$xRelations$zKorea.
=651  \0$aKorea$xRelations$zJapan.
=650  \0$aPottery, Japanese$yTo 794.
=650  \0$aPottery, Korean$yTo 935.
=650  07$6880-04$aDoki.$2jlabsh/4
=650  07$6880-05$aIseki ibutsu-Nihon.$2jlabsh/4
=650  07$6880-06$aIseki ibutsu-Chōsen.$2jlabsh/4
=650  07$6880-07$aNihon-Taigai kankei-Chōsen-Rekishi.$2jlabsh/4
=856  4\$uhttp://www.bookportal.jp/trcno/13013128/?partnerid=oclc&siteid=oclc$zJapanese record available for display
=880  1\$6100-01$a酒井清治,$d1949-$eauthor.
=880  10$6245-02$a土器から見た古墳時代の日韓交流 /$c酒井清治著.
=880  \\$6260-03$a東京 :$b同成社,$c2013.
=880  07$6650-04$a土器.$2jlabsh/4
=880  07$6650-05$a遺跡・遺物-日本.$2jlabsh/4
=880  07$6650-06$a遺跡・遺物-朝鮮.$2jlabsh/4
=880  07$6650-07$a日本-対外関係-朝鮮-歴史.$2jlabsh/4
=852  41$aBritish Library$bOC$jJPN.2014.a.24
=CAT  \\$a13812$b40$c20130812$lBLL01$h1137
=CAT  \\$aBATCH-UPD$b40$c20130812$lBLL01$h1138
=CAT  \\$aBATCH-UPD$b40$c20230504$lBLL01$h1711
=SID  \\$aZ39$bOCLC
=STA  \\$aSUPPRESSED$bPreliminary Record
=LAS  \\$aBATCH-UPD$b40$c20230504$lBLL01$h1711

