=LDR  01721 am a22004455a 4500
=001  016471455
=003  Uk
=005  20130813102017.0
=008  130415s2013\\\\ja\\\\\\\\\\\\000\0\jpn\d
=FMT  \\$a  BK
=020  \\$a9784861632273
=020  \\$a4861632277
=035  \\$a(OCoLC)839210232
=040  \\$aTRCLS$beng$cTRCLS
=042  \\$aukblderived
=084  \\$a768.15$2njb/9
=100  1\$6880-01$aIzumi, Takeo.
=245  10$6880-02$aTake o fuku hitobito :$begakareta shakuhachi sōsha no rekishi to keifu /$cIzumi Takeo.
=260  \\$6880-03$a[S.l.] :$bTōhokudaigakushuppankai,$c2013.
=300  \\$a129 p. ;$c19 cm.
=336  \\$atext$2rdacontent
=337  \\$aunmediated$2rdamedia
=338  \\$avolume$2rdacarrier
=490  1\$6880-04$aJinbun shakai kagaku raiburarī ;$v2
=650  07$6880-05$aShakuhachi-Rekishi.$2jlabsh/4
=830  \0$6880-06$aJinbun shakai kagaku raiburarī$v2.
=856  4\$uhttp://www.bookportal.jp/trcno/13019976/?partnerid=oclc&siteid=oclc$zJapanese record available for display
=880  1\$6100-01$a泉武夫.
=880  10$6245-02$a竹を吹く人々 :$b描かれた尺八奏者の歴史と系譜 /$c泉武夫著.
=880  \\$6260-03$a仙台 :$b東北大学出版会,$c2013.
=880  1\$6490-04$a人文社会科学ライブラリー ;$v第2卷
=880  \\$6500-00$a文献:p123-127
=880  07$6650-05$a尺八-歴史.$2jlabsh/4
=880  \0$6830-06$a人文社会科学ライブラリー ;$v第2卷
=852  41$aBritish Library$bOC$jJPN.2014.a.6
=CAT  \\$a13812$b40$c20130813$lBLL01$h1020
=CAT  \\$aBATCH-UPD$b40$c20131226$lBLL01$h0018
=SID  \\$aZ39$bOCLC
=STA  \\$aSUPPRESSED$bPreliminary Record
=LAS  \\$aBATCH-UPD$b40$c20131226$lBLL01$h0018

