=LDR  01572 am a22004335a 4500
=001  016471459
=003  Uk
=005  20130813102444.0
=008  130408s2013\\\\ja\\\\\\\\\\\\000\0\jpn\d
=FMT  \\$a  BK
=020  \\$a9784902269581
=020  \\$a4902269589
=035  \\$a(OCoLC)836704923
=040  \\$aTRCLS$beng$cTRCLS
=042  \\$aukblderived
=084  \\$a382.11$2njb/9
=100  1\$6880-01$aKeira, Mitsunori.
=245  10$6880-02$aAinu shakai to gairai shūkyō :$borite kita kamigami no yōsō /$cKeira Mitsunori.
=260  \\$6880-03$a[S.l.] :$bJurōsha,$c2013.
=300  \\$a283 p. ;$c19 cm.
=336  \\$atext$2rdacontent
=337  \\$aunmediated$2rdamedia
=338  \\$avolume$2rdacarrier
=650  07$6880-04$aAinu.$2jlabsh/4
=650  07$6880-05$aBukkyō-Nihon.$2jlabsh/4
=650  07$6880-06$aKirisutokyō-Nihon.$2jlabsh/4
=856  4\$uhttp://www.bookportal.jp/trcno/13018678/?partnerid=oclc&siteid=oclc$zJapanese record available for display
=880  1\$6100-01$a計良光範.
=880  10$6245-02$aアイヌ社会と外来宗教 :$b降りてきた神々の様相 /$c計良光範著.
=880  \\$6260-03$a札幌 :$b寿郎社,$c2013.
=880  \\$6500-00$a文献:p281-283
=880  07$6650-04$aアイヌ.$2jlabsh/4
=880  07$6650-05$a仏教-日本.$2jlabsh/4
=880  07$6650-06$aキリスト教-日本.$2jlabsh/4
=852  41$aBritish Library$bOC$jJPN.2014.a.5
=CAT  \\$a13812$b40$c20130813$lBLL01$h1024
=SID  \\$aZ39$bOCLC
=STA  \\$aSUPPRESSED$bPreliminary Record
=LAS  \\$a13812$b40$c20130813$lBLL01$h1024

