=LDR  01914 am a22005055a 4500
=001  016484013
=003  Uk
=005  20130828105708.0
=008  100726s2010\\\\ja\ab\\\\b\\\\000\0\jpn\c
=FMT  \\$a  BK
=020  \\$a9784047034709
=020  \\$a4047034703
=035  \\$a(OCoLC)650209378
=040  \\$aJaToTRC$cTRCLS$dCUY$dZCU$dOCLCO
=042  \\$aukblderived
=042  \\$apcc
=043  \\$aa-ja---
=050  \4$aPL728.15$b.O37 2010
=084  \\$a911.12$2njb/9
=100  1\$6880-01$aOgawa, Yasuhiko,$d1961-
=245  10$6880-02$aMan'yōshū :$bkakusareta rekishi no messēji /$cOgawa Yasuhiko.
=250  \\$6880-03$aShohan.
=260  \\$6880-04$aTōkyō :$bKadokawa Gakugei Shuppan :$bHatsubaimoto Kadokawa Gurūpu Paburisshingu,$cHeisei 22 [2010]
=300  \\$a294 p. :$bill., maps ;$c19 cm.
=336  \\$atext$2rdacontent
=337  \\$aunmediated$2rdamedia
=338  \\$avolume$2rdacarrier
=490  0\$6880-05$aKadokawa sensho ;$v470
=504  \\$aIncludes bibliographical references (p. 281-290).
=630  00$6880-06$aMan'yōshū
=650  \0$aJapanese poetry$yTo 794$xHistory and criticism.
=650  07$6880-07$aMan'yōshū.$2jlabsh/4
=856  4\$uhttp://www.bk1.jp/trcno/10039181/?partnerid=oclc&siteid=oclc$zJapanese record available for display
=880  1\$6100-01$a小川靖彦,$d1961-
=880  10$6245-02$a万葉集 :$b隠された歴史のメッセージ /$c小川靖彦.
=880  \\$6250-03$a初版.
=880  \\$6260-04$a東京 :$b角川学芸出版 :$b発売元角川グループパブリッシング,$c平成 22 [2010]
=880  0\$6490-05$a角川選書 ;$v470
=880  04$6630-06$a万葉集.
=880  07$6650-07$a万葉集.$2jlabsh/4
=852  41$aBritish Library$bOC$jJPN.2013.a.261
=CAT  \\$a13812$b40$c20130828$lBLL01$h1057
=SID  \\$aZ39$bOCLC
=STA  \\$aSUPPRESSED$bPreliminary Record
=LAS  \\$a13812$b40$c20130828$lBLL01$h1057

