=LDR  02469 ai a2200565 i 4500
=001  016590931
=003  Uk
=005  20161101134103.0
=006  m\\\\\|\\d\|\\\\\\
=007  cr\|||||||||||
=008  131231c20059999gw\fr\d\ob\\\\0\\\a0ger\\
=FMT  \\$a  SE
=040  \\$aUk$beng$cUk$erda
=042  \\$aukblsr
=082  04$a016.949502$223
=245  00$aByzantinische Bibliographie online.
=246  1\$iCover image on home page has title:$aByzantinische Bibliographie online Datenbank
=246  13$aByzantine bibliography
=264  \1$aBerlin :$bDe Gruyter
=310  \\$aUpdated twice a year
=336  \\$atext$2rdacontent
=337  \\$acomputer$2rdamedia
=338  \\$aonline resource$2rdacarrier
=520  \\$aByzantinische Bibliographie cumulates the annual bibliographies published in the Byzantinische Zeitschrift from volume 98 (2005) onwards. It contains around 30,000 entries in total, with about 4,000 new entries added each year. Users can browse the bibliography by subject or seach by keyword, author, publication type, publication year, publisher or ISBN/ISSN.
=546  \\$aUser guide in German and English.
=588  \\$aDescription based on contents viewed November 1, 2016; title from home page.
=650  \0$aByzantine antiquities$vBibliography.
=650  \0$aGreek literature$vBibliography.
=650  \0$aArt, Byzantine$vBibliography.
=651  \7$aByzantinisches Reich.$2gnd
=651  \0$aByzantine Empire$xStudy and teaching$vBibliography.
=651  \0$aByzantine Empire$xHistory$vBibliography.
=650  \7$aArt, Byzantine.$2fast$0(OCoLC)fst00816072
=650  \7$aByzantine antiquities.$2fast$0(OCoLC)fst00843224
=650  \7$aGreek literature.$2fast$0(OCoLC)fst00947441
=650  \7$aStudy skills.$2fast$0(OCoLC)fst01136216
=651  \7$aByzantine Empire.$2fast$0(OCoLC)fst01209292
=655  \7$aBibliography.$2fast$0(OCoLC)fst01423717
=655  \7$aHistory.$2fast$0(OCoLC)fst01411628
=730  0\$aByzantinische Zeitschrift. Bibliographie.
=787  0\$tByzantinische Zeitschrift. Bibliographie
=856  4\$uhttp://www.degruyter.com/db/byz$zFor subscribers only
=852  41$aBritish Library$bHMNTS$je-media
=CAT  \\$a10902$b40$c20131231$lBLL01$h1119
=CAT  \\$a10902$b40$c20131231$lBLL01$h1122
=CAT  \\$a11279$b40$c20141009$lBLL01$h1123
=CAT  \\$a3072$b40$c20161101$lBLL01$h1341
=FIN  \\$aY$d20161101
=STA  \\$aSUPPRESSED$bDatabase
=LAS  \\$a3072$b40$c20161101$lBLL01$h1341

