=LDR  01645 am a22004333i 4500
=001  016629813
=003  Uk
=005  20140212163108.0
=008  131216s2013\\\\ja\\\\\\\\\\\\000\0\jpn\d
=FMT  \\$a  BK
=020  \\$a9784894766600
=020  \\$a4894766604
=035  \\$a(OCoLC)865457643
=040  \\$aTRCLS$beng$cTRCLS$dOCLCQ
=084  \\$a810.12$2njb/9
=100  1\$6880-01$aKuginuki, Tōru.
=245  10$6880-02$aKokugogaku no keisei to suimyaku /$cKuginuki Tōru.
=260  \\$6880-03$aTōkyō :$bHitsujishobō,$c2013.
=300  \\$a270 pages ;$c22 cm.
=336  \\$atext$btxt$2rdacontent
=337  \\$aunmediated$bn$2rdamedia
=338  \\$avolume$bnc$2rdacarrier
=490  1\$6880-04$aHitsuji kenkyū sōsho ;$vGengohen-113
=650  07$6880-05$aKokugogaku-Rekishi.$2jlabsh/4
=830  \0$6880-06$aHitsuji kenkyū sōsho ;$vGengohen-113.
=856  4\$uhttp://www.bookportal.jp/trcno/13064095/?partnerid=oclc&siteid=oclc$zJapanese record available for display
=880  1\$6100-01$a釘貫亨.
=880  10$6245-02$a「国語学」の形成と水脈 /$c釘貫亨著.
=880  \\$6260-03$a東京 :$bひつじ書房,$c2013.
=880  1\$6490-04$aひつじ研究叢書 ;$v言語編第113卷
=880  07$6650-05$a国語学-歴史.$2jlabsh/4
=880  \0$6830-06$aひつじ研究叢書 ;$v言語編第113卷.
=852  41$aBritish Library$bOC$jJPN.2014.a.364
=CAT  \\$a13812$b40$c20140212$lBLL01$h1627
=CAT  \\$a13812$b40$c20140212$lBLL01$h1628
=CAT  \\$a13812$b40$c20140212$lBLL01$h1631
=SID  \\$aZ39$bOCLC
=STA  \\$aSUPPRESSED$bPreliminary Record
=LAS  \\$a13812$b40$c20140212$lBLL01$h1631

