=LDR  01339 am a22003735a 4500
=001  016629993
=003  Uk
=005  20140213113129.0
=008  140127s2014\\\\ja\\\\\\\\\\\\000\0\jpn\d
=FMT  \\$a  BK
=020  \\$a9784622076841
=020  \\$a4622076845
=035  \\$a(OCoLC)869178874
=040  \\$aTRCLS$beng$cTRCLS
=042  \\$aukblderived
=084  \\$a210.69$2njb/9
=100  1\$6880-01$aMatsuo, Takayoshi.
=245  10$6880-02$aTaishō demokurashīki no seiji to shakai /$cMatsuo Takayoshi.
=260  \\$6880-03$aTōkyō :$bMisuzushobō,$c2014.
=300  \\$a628, 14 p. ;$c22 cm.
=336  \\$atext$2rdacontent
=337  \\$aunmediated$2rdamedia
=338  \\$avolume$2rdacarrier
=650  07$6880-04$aNihon-Rekishi-Taishō jidai.$2jlabsh/4
=856  4\$uhttp://www.bookportal.jp/trcno/14003667/?partnerid=oclc&siteid=oclc$zJapanese record available for display
=880  1\$6100-01$a松尾尊兌.
=880  10$6245-02$a大正デモクラシー期の政治と社会 /$c松尾尊兌著.
=880  \\$6260-03$a東京 :$bみすず書房,$c2014.
=880  07$6650-04$a日本-歴史-大正時代.$2jlabsh/4
=852  41$aBritish Library$bOC$jJPN.2014.a.367
=CAT  \\$a13812$b40$c20140213$lBLL01$h1131
=SID  \\$aZ39$bOCLC
=STA  \\$aSUPPRESSED$bPreliminary Record
=LAS  \\$a13812$b40$c20140213$lBLL01$h1131

