=LDR  02816 ai a2200601 a 4500
=001  014052965
=003  Uk
=005  20081215153139.0
=006  m\\\\\\\\e\|\\\\\\
=007  cr||||||||||||
=008  071003c200u9999xxuzx\d\si\\\\0\\\a2eng\\
=040  \\$aUk$beng$cUk$dUk
=042  \\$aukblsr
=082  04$a016.306$222
=245  00$aAnthropology plus$h[electronic resource].
=246  1\$iTitle from search screen:$aAnthropologyPlus
=246  1\$iAlso previously known as:$aRLG's Eureka Anthology plus
=260  \\$a[Dublin, Ohio] :$bOCLC
=336  \\$atext$2rdacontent
=337  \\$acomputer$2rdamedia
=338  \\$aonline resource$2rdacarrier
=500  \\$aPart of OCLC FirstSearch.
=500  \\$a"Database Sources: Tozzer Library, Harvard University. The Library of the British Museum Department of Ethnography (Museum of Mankind), incorporating the former Royal Anthropological Institute library."
=500  \\$aAlso issued separately as: Anthropological Literature and Anthropological Index.
=500  \\$aTitle from database description screen (viewed Dec. 15, 2008).
=520  \\$aAnthropology Plus brings together into one resource Anthropological Literature and Anthropological Index. It provides extensive worldwide indexing of journal articles in the fields of social and cultural anthropology, physical anthropology, biological anthropology, ethnology, archaeology, folklore, material culture, and linguistic anthropology. Coverage is from the late 19th century to the present.
=538  \\$aMode of access: World Wide Web.
=550  \\$aMade available until Sept. 2007 by the Research Libraries Group.
=650  \0$aAnthropology$vIndexes.
=650  \0$aAnthropology$xPeriodicals$vIndexes.
=710  2\$aTozzer Library.
=710  2\$aOCLC.
=710  2\$aRoyal Anthropological Institute of Great Britain and Ireland.
=710  2\$aMuseum of Mankind.
=730  0\$aOCLC FirstSearch.
=775  1\$tAnthropological literature (Online)
=775  1\$tAnthropological index online
=852  41$aBritish Library$bHMNTS$je-media
=856  40$uhttp://www.oclc.org/firstsearch/$zFor subscribers only, requires account and password; BL Reading Room access
=856  4\$uhttp://eureka.rlg.ac.uk$zNo longer links to resource as of Oct. 2007
=CAT  \\$a3072$b40$c20071003$lBLL01$h1226
=CAT  \\$a3072$b40$c20071003$lBLL01$h1607
=CAT  \\$a3072$b40$c20071003$lBLL01$h1608
=CAT  \\$a3072$b40$c20071008$lBLL01$h1019
=CAT  \\$a3072$b40$c20081211$lBLL01$h1629
=CAT  \\$a3072$b40$c20081215$lBLL01$h1525
=CAT  \\$a3072$b40$c20081215$lBLL01$h1531
=CAT  \\$aBATCH-UPD$b40$c20131021$lBLL01$h1141
=FIN  \\$aY$d20071003
=FMT  \\$a  SE
=LAS  \\$aBATCH-UPD$b40$c20131021$lBLL01$h1141
=STA  \\$aSUPPRESSED$bDatabase
=TCO  \\$aTRS$bCCC$c008

