=LDR  01994cam a2200493 a 4500
=001  014457753
=003  Uk
=005  20071127130636.0
=008  071017s2007\\\\ja\\\\\\\\\\\\000\0\jpn\d
=FMT  \\$a  BK
=020  \\$a9784901906500
=020  \\$a490190650X
=035  \\$a(OCoLC)180882007
=040  \\$aTRCLS$cTRCLS
=084  \\$2njb/9$a222.7
=245  00$6880-01$aShakai shugi o tatakatta hitobito no shōgen.
=260  \\$6880-02$a[S.l.] :$bNingenbunkakenkyūkikōkokuritsuminzokugakuhakubutsukan,$c2007.
=300  \\$a366 p. ;$c26 cm.
=336  \\$atext$2rdacontent
=337  \\$aunmediated$2rdamedia
=338  \\$avolume$2rdacarrier
=490  1\$6880-03$aMongorukoku ni okeru nijisseiki ;$v2.
=490  1\$6880-04$aKokuritsu minzokugaku hakubutsukan chōsa hōkoku ;$v71
=650  07$6880-05$aMongoru(Kokumei)-Rekishi.$2jlabsh/3
=700  1\$6880-06$aKonagaya,Yuki.
=856  4\$uhttp://www.bk1.jp/trcno/07106301/?partnerid=oclc&siteid=oclc$zJapanese record available for display
=880  00$6245-01$a社会主義を闘った人びとの証言.
=880  \\$6260-02$a吹田 :$b人間文化研究機構国立民族学博物館,$c2007.
=880  \0$6440-03$aモンゴル国における20世紀 ;$v2.
=880  \0$6440-04$a国立民族学博物館調查報告 ;$v71.
=880  07$6650-05$aモンゴル(国名)-歴史$2jlabsh/3
=880  1\$6700-06$a小長谷有紀
=830  \0$6880-03$aMongorukoku ni okeru nijisseiki ;$v2.
=830  \0$6880-04$aKokuritsu minzokugaku hakubutsukan chōsa hōkoku ;$v71
=852  41$aBritish Library$bOC$jYP.2008.b.46
=CAT  \\$a2717$b40$c20071127$lBLL01$h1306
=CAT  \\$aBATCH$b00$c20091217$lBLL01$h0512
=CAT  \\$aBATCH$b00$c20100103$lBLL01$h1304
=CAT  \\$aWR12170$c20121116$lBLL01$h1701
=CAT  \\$aBATCH-UPD$b00$c20161006$lBLL01$h2031
=CAT  \\$aW2308-1659$c20230923$lBLL01$h1114
=SID  \\$aZ39$bOCLC
=STA  \\$aSUPPRESSED$bPreliminary Record
=LAS  \\$aW2308-1659$b00$c20230923$lBLL01$h1114

