=LDR  02071 ai a2200445 a 4500
=001  014473658
=003  Uk
=005  20081205170102.0
=008  071217c200u9999enk\x\d\s\\\\\0\\\a2eng\\
=FMT  \\$a  SE
=015  \\$aGBA8D7985$2bnb
=040  \\$aUk$cUk
=042  \\$aukblsr
=082  04$a001.3$222
=245  00$aBritish periodicals.$p[Collection II]$h[electronic resource].
=260  \\$a[Cambridge?] :$bProQuest
=336  \\$atext$2rdacontent
=337  \\$acomputer$2rdamedia
=338  \\$aonline resource$2rdacarrier
=538  \\$aMode of access: World Wide Web.
=520  \\$aBritish Periodicals Collection II consists of more than 300 journals from the UMI microfilm collections English Literary Periodicals and British Periodicals in the Creative Arts together with additional titles, amounting to almost 3 million pages. Topics covered include literature, music, art, drama, archaeology and architecture. The collection can also be accessed as part of "Periodicals archive online", but without the Wellesley index attributions.
=500  \\$aTitle from home page (viewed on Dec. 5, 2008).
=650  \0$aBritish periodicals$vDatabases.
=650  \0$aArts$vPeriodicals$vDatabases.
=650  \0$aHumanities$vPeriodicals$vDatabases.
=650  \0$aSocial sciences$vPeriodicals$vDatabases.
=856  40$uhttp://britishperiodicals.chadwyck.co.uk/home.do$zFor subscribers only, BL Reading Room access
=852  41$aBritish Library$bHMNTS$je-media
=985  \\$aI would have added this to Collection I rec (ie put collection I & II in contents note) but already admin data on this one
=CAT  \\$a6524$b40$c20071217$lBLL01$h0859
=CAT  \\$a6524$b40$c20071217$lBLL01$h0900
=CAT  \\$a3072$b40$c20081205$lBLL01$h1700
=CAT  \\$a3072$b40$c20081205$lBLL01$h1701
=CAT  \\$aBATCH-UPD$b40$c20131021$lBLL01$h1141
=CAT  \\$aWR14_185$c20160214$lBLL01$h1232
=CAT  \\$aWR14_185$c20160214$lBLL01$h1239
=FIN  \\$aY$d20081205
=STA  \\$aSUPPRESSED$bDatabase
=TCO  \\$aCLA$bCLA$c008
=LAS  \\$aWR14_185$b00$c20160214$lBLL01$h1239

