=LDR  03168cai a2200625 a 4500
=001  014477251
=003  Uk
=005  20231012143006.0
=006  m\\\\\\\\d\|\\\\\\
=007  cr||||||||||||
=008  071219c19uu9999enkuu\d\\\\\\\0\\\a2eng\\
=FMT  \\$a  SE
=015  \\$aGBA818820$2bnb
=040  \\$aUk$beng$cUk$dUk
=042  \\$aukblsr
=082  04$a072.1$222
=245  00$aUKpressonline$h[electronic resource].
=246  3\$aUK press online
=247  10$aArcitext
=260  \\$aLondon :$bDigitorial Ltd.,$c[2006]-
=336  \\$atext$2rdacontent
=337  \\$acomputer$2rdamedia
=338  \\$aonline resource$2rdacarrier
=538  \\$aMode of access: World Wide Web.
=520  \\$aText searchable archive of full facsimile images of Daily Express 1900 to date, Sunday Express 2000 to date, Daily Star May 2000 to date, Star Sunday September 2002 to date.
=500  \\$aProfessional research tool dedicated exclusively to Educational Institutions and Libraries.
=500  \\$aTitle from home page (viewed on 13 Feb. 2008).
=500  \\$aLast viewed Aug. 11, 2009.
=650  \0$aEnglish newspapers$vDatabases.
=651  \0$aLondon (England)$vNewspapers.
=651  \0$aGreat Britain$xHistory$vSources$vDatabases.
=740  02$aDaily express.
=740  02$aSunday express.
=740  02$aDaily star.
=740  02$aDaily star Sunday.
=856  40$uhttp://www.ukpressonline.co.uk/ukpressonline/$zFor subscribers only
=856  4\$uhttp://www.arcitext.com/$zNo longer links to resource
=852  41$aBritish Library$bHMNTS$je-media
=985  \\$a520 field amended in the light of content now provided (email 6/10/23 "Digitorial has advised that from 1 August 2023 they will no longer be able to provide access to the Daily Mirror content within the archive"). Previous 520 note was: "Text searchable access to full page facsimiles of the Daily Mirror archive, 1903 to current; Daily Express archive, 1900 to current; Sunday Express archive, 2000 to current; Daily Star archive, 2000 to current; Daily Star Sunday archive, 2002 to current". 246 note removed "Also previously known as: Daily mirror digital archive" - as might be misleading. Latest viewed date not added, as couldn't access resource properly without login/password. Title same, but unclear whether there ae potentially other resources that can be accessed -e.g. "South eastern gazette". Assumed FindIt description is definitive & copied that for 520 - GC 12/10/23.
=CAT  \\$a6524$b40$c20071219$lBLL01$h1156
=CAT  \\$a6524$b40$c20071219$lBLL01$h1158
=CAT  \\$a6524$b40$c20071219$lBLL01$h1201
=CAT  \\$a3072$b40$c20080213$lBLL01$h1653
=CAT  \\$a3072$b40$c20080214$lBLL01$h1520
=CAT  \\$a3072$b40$c20090811$lBLL01$h1439
=CAT  \\$a3072$b40$c20090811$lBLL01$h1442
=CAT  \\$a3072$b40$c20090811$lBLL01$h1443
=CAT  \\$aBATCH-UPD$b40$c20131021$lBLL01$h1142
=CAT  \\$aWR14_140$c20140905$lBLL01$h1817
=CAT  \\$a3072$b40$c20231012$lBLL01$h1408
=CAT  \\$a3072$b40$c20231012$lBLL01$h1430
=FIN  \\$aY$d20080214
=STA  \\$aSUPPRESSED$bDatabase
=TCO  \\$aCLA$bCLA$c008
=LAS  \\$a3072$b40$c20231012$lBLL01$h1430

