=LDR  02622 ai a2200673 a 4500
=001  014495616
=003  Uk
=005  20101221115044.0
=006  m\\\\\\\\d\\\\\\\\
=007  cr\cnu||||||||
=008  080215c200u9999ne\dr\d\sr\\\\0\\\\2eng\d
=FMT  \\$a  SE
=035  \\$a(OCoLC)192042622
=040  \\$aPAU$cPAU$dUk
=042  \\$aukblsr
=043  \\$ae-uk---$ae-ie---
=050  14$aHG4135
=082  04$a338.74$222
=130  0\$aFame (Amsterdam, Netherlands : Online)
=245  10$aFAME$h[electronic resource] :$bUK and Irish company information in an instant.
=246  1\$iAlso known as :$aFAME database
=246  1\$iAlso known as :$aBureau van Dijk FAME
=246  1\$iAlso known as :$aBvDEP FAME
=260  \\$aAmsterdam :$bBureau van Dijk Electronic Publishing
=310  \\$aUpdated daily
=336  \\$atext$2rdacontent
=337  \\$acomputer$2rdamedia
=338  \\$aonline resource$2rdacarrier
=362  1\$aBegan in 2000s?
=538  \\$aMode of access: World Wide Web.
=520  \\$aDetailed financial data for 2.5 million companies in the UK and Ireland. Expert searching allows for the creation of company lists that can be sorted by turnover, postcode and other search variables.
=500  \\$aTitle from login page (viewed Feb. 12, 2008).
=500  \\$aSubtitle varies.
=506  \\$aAccess restricted to subscribers.
=650  \0$aCorporations$zGreat Britain$xFinance$vDirectories.
=650  \0$aCorporations$zIreland$xFinance$vDirectories.
=650  \0$aBusiness enterprises$zGreat Britain$xFinance$vDirectories.
=650  \0$aBusiness enterprises$zIreland$xFinance$vDirectories.
=690  7\$aManagement and Business Studies$2blcoll
=710  2\$aBureau van Dijk Electronic Publishing.
=776  1\$tFame (Amsterdam, Netherlands)
=856  40$uhttps://fame.bvdep.com$zFor subscribers only; BL Reading Room access
=852  41$aBritish Library$bSTI$je-media
=CAT  \\$a6524$b40$c20080117$lBLL01$h1156
=CAT  \\$a6524$b40$c20080117$lBLL01$h1157
=CAT  \\$a3072$b40$c20080218$lBLL01$h1508
=CAT  \\$a3072$b40$c20080218$lBLL01$h1532
=CAT  \\$a3072$b40$c20080218$lBLL01$h1539
=CAT  \\$aBATCH$b00$c20090625$lBLL01$h1713
=CAT  \\$a3072$b40$c20100104$lBLL01$h1035
=CAT  \\$a3072$b40$c20101220$lBLL01$h1626
=CAT  \\$a3072$b40$c20101221$lBLL01$h1141
=CAT  \\$a3072$b40$c20101221$lBLL01$h1150
=CAT  \\$aBATCH-UPD$b40$c20131021$lBLL01$h1141
=FIN  \\$aY$d20080218
=SID  \\$aZ39$bOCLC
=STA  \\$aSUPPRESSED$bDatabase
=TCO  \\$aNLD$bSTICHTING REPRORECHT$c008
=LAS  \\$aBATCH-UPD$b40$c20131021$lBLL01$h1141

