=LDR  02471 ai a2200541 a 4500
=001  014514732
=003  Uk
=005  20080624154033.0
=006  m\\\\\\\\d\|\\\\\\
=007  cr||||||||||||
=008  080206c200u9999enk\x\d\s\\\\\0\\\a2eng\\
=FMT  \\$a  SE
=015  \\$aGBA879970$2bnb
=040  \\$aUk$beng$cUk
=042  \\$aukblsr
=082  04$a956$222
=245  00$aArab-Israeli relations, 1917-1970.$h[electronic resource].
=260  \\$a[London?] :$bGale, Cengage Learning
=336  \\$atext$2rdacontent
=337  \\$acomputer$2rdamedia
=338  \\$aonline resource$2rdacarrier
=490  1\$aMiddle East online. Series I
=538  \\$aMode of access: World Wide Web.
=550  \\$aAt head of search screen: The National Archives.
=520  \\$aArab-Israeli Relations, 1917-1970: The Middle East Online, Series 1 places before scholars and students of Palestine and the Arab-Israeli conflict a wide range of original source material, from the 1917 Balfour Declaration through to the Black September war of 1970-1. These materials - letters, minutes, reports, maps - are selected by Dr. Eugene Rogan, Director of the Middle East Centre, University of Oxford - from primary source documents at the National Archives, London.
=500  \\$aTitle from home page (viewed 23 June 2008).
=651  \0$aIsrael$xRelations$zArab countries$vSources$vDatabases.
=651  \0$aArab countries$xRelations$zIsrael$vSources$vDatabases.
=651  \0$aMiddle East$xHistory$y20th century$vSources$vDatabases.
=650  \0$aJewish-Arab relations$xHistory$y20th century$vSources$vDatabases.
=650  \0$aArab-Israeli conflict$vSources$vDatabases.
=710  2\$aNational Archives (Great Britain)
=856  40$uhttp://www.tlemea.com/middleeast/index.htm$zFor subscribers only; BL Reading Room access
=830  \0$aMiddle East online.$nSeries I
=852  41$aBritish Library$bHMNTS$je-media
=CAT  \\$a6524$b40$c20080206$lBLL01$h0730
=CAT  \\$a6524$b40$c20080206$lBLL01$h0731
=CAT  \\$a3072$b40$c20080623$lBLL01$h1631
=CAT  \\$a3072$b40$c20080623$lBLL01$h1640
=CAT  \\$a3072$b40$c20080624$lBLL01$h1540
=CAT  \\$aBATCH$b00$c20091217$lBLL01$h0517
=CAT  \\$aBATCH$b00$c20100103$lBLL01$h1310
=CAT  \\$aBATCH-UPD$b00$c20131021$lBLL01$h1141
=CAT  \\$aWR14_140$c20140905$lBLL01$h1817
=FIN  \\$aY$d20080624
=STA  \\$aSUPPRESSED$bDatabase
=TCO  \\$aCLA$bCLA$c008
=LAS  \\$aWR14_140$b00$c20140905$lBLL01$h1817

