=LDR  01949 ai a2200481 a 4500
=001  014522888
=003  Uk
=005  20080624140654.0
=006  m\\\\\\\\d\|\\\\\\
=007  cr||||||||||||
=008  080218c200u9999fr\\x\d\s\\\\\0\\\a2fre\\
=FMT  \\$a  SE
=040  \\$aUk$beng$cUk
=042  \\$aukblsr
=130  0\$aCollection Cairn.
=245  10$aCairn$h[electronic resource] :$bcherchez, reperer, avance.
=246  1\$iAlso known as:$aCairn collection
=260  \\$aParis :$bCairn France ;$aLiege :$aCairn Belgium
=336  \\$atext$2rdacontent
=337  \\$acomputer$2rdamedia
=338  \\$aonline resource$2rdacarrier
=538  \\$aMode of access: World Wide Web.
=500  \\$aPart of JISC Collections.
=520  \\$aCollection of high quality, full text peer reviewed academic journals from France and Belgium. The collection includes journals in the fields of history, literature and linguistics, psychology, sociology, political science, education, law and economics. Text and search interface in French.
=500  \\$aTitle from search screen (viewed 20 June 2008).
=650  \0$aFrench periodicals$vDatabases.
=650  \0$aBelgian periodicals$vDatabases.
=650  \0$aHumanities$vPeriodicals$vDatabases.
=650  \0$aSocial sciences$vPeriodicals$vDatabases.
=856  40$uhttp://www.cairn.info$zFor subscribers only; BL Reading Room access
=852  41$aBritish Library$bHMNTS$je-media
=CAT  \\$a6524$b40$c20080218$lBLL01$h1251
=CAT  \\$a6524$b40$c20080218$lBLL01$h1252
=CAT  \\$a3072$b40$c20080620$lBLL01$h1130
=CAT  \\$a3072$b40$c20080620$lBLL01$h1137
=CAT  \\$a3072$b40$c20080624$lBLL01$h1406
=CAT  \\$aBATCH-UPD$b40$c20081122$lBLL01$h2236
=CAT  \\$aBATCH$b00$c20081124$lBLL01$h1135
=CAT  \\$aBATCH-UPD$b00$c20131021$lBLL01$h1141
=FIN  \\$aY$d20080620
=STA  \\$aSUPPRESSED$bDatabase
=TCO  \\$aFRA$bCFC$c008
=LAS  \\$aBATCH-UPD$b00$c20131021$lBLL01$h1141

