=LDR  02358 ai a2200529 a 4500
=001  014526534
=003  Uk
=005  20120124171315.0
=006  m\\\\\\\\d\\\\\\\\
=007  cr\cnu||||||||
=008  070329c20079999nyuuu\dsoi\\\\0\\\a2eng\d
=FMT  \\$a  SE
=035  \\$a(OCoLC)253821420
=040  \\$aLGG$cLGG$dIUL$dLGG$dUk
=042  \\$aukblsr
=082  04$a016.02$223
=245  00$aLibrary literature & information science retrospective, 1905-1983$h[electronic resource].
=246  3\$aLibrary literature and information science retrospective
=246  3\$aLiterature & information science retrospective
=260  \\$3<2007-2011> :$aNew York :$bH.W. Wilson.
=260  3\$3<2011->$aIpswich, MA :$bEBSCO Publishing.
=336  \\$atext$2rdacontent
=337  \\$acomputer$2rdamedia
=338  \\$aonline resource$2rdacarrier
=362  1\$aBegan in 2007.
=500  \\$aDescription based on version viewed Jan. 16, 2012; title from search screen.
=500  \\$aMade available through EPSCO Publishing.
=500  \\$aPreviously made available online through Wilson Web.
=520  \\$aIndexes articles and book reviews published in key library and information science periodicals between 1905 and 1983. Coverage also includes full text content from 69 years of the Wilson Library Bulletin and indexing from Library Work (1905-1911). Books, book chapters and library school theses are also indexed. This database can be searched in combination with Library Literature and Information Science Full Text, which covers the period from 1984 onwards.
=538  \\$aMode of access: World Wide Web.
=650  \0$aLibrary science$xPeriodicals$vIndexes.
=650  \0$aInformation science$xPeriodicals$vIndexes.
=710  2\$aEBSCO Publishing (Firm)
=710  2\$aH.W. Wilson Company.
=730  0\$aWilson library bulletin.
=730  0\$aLibrary work.
=856  4\$uhttp://http://web.ebscohost.com$zFor subscribers only; BL Reading Room access
=852  41$aBritish Library$bHMNTS$je-media
=CAT  \\$a6524$b40$c20080221$lBLL01$h0805
=CAT  \\$a6524$b40$c20080221$lBLL01$h0806
=CAT  \\$a3072$b40$c20120124$lBLL01$h1713
=CAT  \\$aBATCH-UPD$b40$c20131021$lBLL01$h1141
=FIN  \\$aY$d20120124
=SID  \\$aZ39$bOCLC
=STA  \\$aSUPPRESSED$bDatabase
=TCO  \\$aZZZ$c008
=LAS  \\$aBATCH-UPD$b40$c20131021$lBLL01$h1141

