=LDR  02277 ai a2200517 a 4500
=001  014571620
=003  Uk
=005  20200729144932.0
=006  m\\\\\\\\d\|\\\\\\
=007  cr||||||||||||
=008  080327c200u9999ie\\x\d\s\\\\\0\\\a2eng\\
=FMT  \\$a  SE
=015  \\$aGBA879966$2bnb
=040  \\$aUk$beng$cUk$dUk
=042  \\$aukblsr
=082  04$a072.915$222
=245  00$aIrish newspaper archives$h[electronic resource].
=246  1\$iAlso known as:$aIrish newspaper archive
=246  1\$iAlso known as:$aIrish news archive
=260  \\$aDublin :$bIrish Newspaper Archives Ltd
=336  \\$atext$2rdacontent
=337  \\$acomputer$2rdamedia
=338  \\$aonline resource$2rdacarrier
=538  \\$aMode of access: World Wide Web.
=520  \\$aIrish Newspaper Archives is the largest online database of Irish newspapers in the world. The archive dates from 1763 to the present and includes a mix of out of print titles and current titles, providing word- searchable access to articles or full pages. Titles include the Irish Independent (1905 - current), The Freeman's Journal (1763-1924), the Connacht Tribune (1909-2007), the Leitrim Observer (1924- Jan 1976), the Meath Chronicle (1897- April 2005) and the Southern Star (1892-2006). Click on "Access Archives" button to enter the database.
=500  \\$aTitle from home page/login screen (viewed on 24 June 2008).
=650  \0$aIrish newspapers$vDatabases.
=651  \0$aIreland$xHistory$vSources$vDatabases.
=740  02$aIrish independent.
=740  02$aFreeman's journal.
=730  02$aConnacht tribune.
=730  02$aLeitrim observer.
=740  02$aMeath chronicle.
=740  02$aSouthern star.
=856  40$uhttp://www.irishnewsarchive.com/$zFor subscribers only, login and password required; BL Reading Room access
=852  41$aBritish Library$bHMNTS$je-media
=CAT  \\$a6524$b40$c20080327$lBLL01$h1031
=CAT  \\$a3072$b40$c20080623$lBLL01$h1707
=CAT  \\$a3072$b40$c20080624$lBLL01$h1501
=CAT  \\$aBATCH-UPD$b40$c20131021$lBLL01$h1141
=CAT  \\$aWR14_140$c20140905$lBLL01$h1818
=CAT  \\$a3072$b40$c20200729$lBLL01$h1449
=FIN  \\$aY$d20080624
=STA  \\$aSUPPRESSED$bDatabase
=TCO  \\$aIRL$bICLA$c008
=LAS  \\$a3072$b40$c20200729$lBLL01$h1449

