=LDR  01972 ai a2200469 a 4500
=001  014650072
=003  Uk
=005  20080620171145.0
=006  m\\\\\\\\d\\\\\\\\
=007  cr\unu||||||||
=008  070323cuuuu9999dcu\x\wss\\\\f0\\\\2eng\d
=FMT  \\$a  SE
=035  \\$a(OCoLC)86114510
=040  \\$aOUN$cOUN$dCUV$dCLU$dUk
=042  \\$aukblsr
=043  \\$an-us---
=245  00$aChronicling America$h[electronic resource] :$bhistoric American newspapers.
=246  3\$aLibrary of Congress.$pChronicling America
=260  \\$aWashington, D.C. :$bLibrary of Congress
=310  \\$aIrregular
=336  \\$atext$2rdacontent
=337  \\$acomputer$2rdamedia
=338  \\$aonline resource$2rdacarrier
=500  \\$aTitle from title screen (viewed Mar. 23, 2007).
=520  \\$aThis site from the Library of Congress allows you to search and view American newspaper pages from 1817 -1910 and find information about American newspapers published between 1690 and the present.
=538  \\$aMode of access: World Wide Web; may require Adobe Acrobat Reader.
=550  \\$a"Chronicling America is sponsored jointly by the National Endowment for the Humanities and the Library of Congress as part of the National Digital Newspaper Program (NDNP)"--Title screen.
=650  \0$aAmerican newspapers$vDatabases.
=651  \0$aUnited States$xHistory$vSources.
=710  2\$aLibrary of Congress.
=710  2\$aNational Endowment for the Humanities.
=710  2\$aNational Digital Newspaper Program (U.S.)
=856  40$uhttp://bibpurl.oclc.org/web/19370$zBL Reading Room access
=856  40$uhttp://www.loc.gov/chroniclingamerica/$zBL Reading Room access
=852  41$aBritish Library$bHMNTS$je-media
=CAT  \\$a3072$b40$c20080620$lBLL01$h1711
=CAT  \\$aBATCH-UPD$b40$c20131021$lBLL01$h1141
=FIN  \\$aY$d20080620
=SID  \\$aZ39$bOCLC
=STA  \\$aSUPPRESSED$bDatabase
=TCO  \\$aTRS$bCCC$c008
=LAS  \\$aBATCH-UPD$b40$c20131021$lBLL01$h1141

