=LDR  03503 ai a2200745 a 4500
=001  014650320
=003  Uk
=005  20161102131913.0
=006  m\\\\\\\\d\|\\\\\\
=007  cr||||||||||||
=008  080623c200u9999enk\x\w\s\\\\\0\\\a2eng\\
=FMT  \\$a  SE
=015  \\$aGBA879968$2bnb
=020  \\$a9781851171248 :$cNo price
=020  \\$a9781851171330 :$cNo price
=040  \\$aUk$beng$cUk$dUK
=042  \\$aukblsr
=082  04$a941$222
=245  00$aBritish online archives$h[electronic resource].
=260  \\$aWakefield :$bMicroform Academic Publishers
=336  \\$atext$2rdacontent
=337  \\$acomputer$2rdamedia
=338  \\$aonline resource$2rdacarrier
=538  \\$aMode of access: World Wide Web.
=520  \\$aAccess to digitised copies of archives held in Britain, with a detailed finding aid for each archive held. Collections held include Parliamentary Labour Party papers, BBC Handbooks and Listener Research, and World War One diaries. Other collections cover missionary records, the industrial revolution, and records of Britain's relationship with the Americas, Asia and Africa.
=500  \\$aTitle from home page (viewed on 23 June 2008).
=610  20$aBritish Broadcasting Corporation.$bListener Research Department$vArchives$vDatabases.
=610  20$aGreat Britain$vArchives$vDatabases.
=610  20$aLabour Party (Great Britain)$vArchives$vDatabases.
=650  \0$aGovernment publications$zGreat Britain$vArchives$vDatabases.
=650  \0$aGreat Britain$xForeign relations$vArchives$vDatabases.
=650  \0$aIndustrial revolution$zGreat Britain$vArchives$vDatabases.
=651  \0$aGreat Britain$xHistory$vSources$vDatabases.
=740  02$aBBC audience research reports.
=740  02$aBBC Listener Research Dept., 1937-c.1950
=740  02$aParliamentary Labour Party papers, 1968/69-1993/94
=740  02$aPLP papers.
=740  02$aBritish records on the Atlantic World, 1700-1900.
=856  40$uhttp://www.britishonlinearchives.co.uk/$zRegistration and password required; BL Reading Room access
=852  41$aBritish Library$bHMNTS$je-media
=985  \\$anew 520 note added from Explore description 2/11/16.
=985  \\$aTHE COLLECTIONS WITHIN THIS (WHICH CURRENTLY HAVE 740 FIELDS) MAY NEED TO BE CATALOGUED/DERIVED PENDING DISCUSSIONS RE PRIMO & SFX. THEY NEED ACCESS OF SOME SORT TO USEFULLY DESCRIBE THEM. BUT SUPPRESSED FIELDS BEING ADDED TO DATABASE RECORDS AT PRESENT 19/3/2015.
=985  \\$aRecord amended for WR# 13/070
=CAT  \\$a3072$b40$c20080623$lBLL01$h1214
=CAT  \\$a3072$b40$c20080623$lBLL01$h1224
=CAT  \\$a3072$b40$c20080624$lBLL01$h1515
=CAT  \\$a3072$b40$c20080910$lBLL01$h1322
=CAT  \\$a3072$b40$c20080910$lBLL01$h1323
=CAT  \\$a3072$b40$c20080910$lBLL01$h1500
=CAT  \\$a3072$b40$c20080910$lBLL01$h1524
=CAT  \\$a3072$b40$c20080911$lBLL01$h1014
=CAT  \\$a3072$b40$c20080911$lBLL01$h1025
=CAT  \\$a7332$b40$c20090105$lBLL01$h1454
=CAT  \\$a10902$b40$c20100820$lBLL01$h1126
=CAT  \\$a11279$b40$c20110705$lBLL01$h0945
=CAT  \\$aWR13_070$b00$c20130504$lBLL01$h0303
=CAT  \\$aBATCH-UPD$b00$c20131021$lBLL01$h1141
=CAT  \\$aWR14_140$c20140905$lBLL01$h1819
=CAT  \\$a3072$b40$c20150319$lBLL01$h1155
=CAT  \\$a3072$b40$c20161102$lBLL01$h1225
=CAT  \\$a3072$b40$c20161102$lBLL01$h1319
=FIN  \\$aY$d20080624
=STA  \\$aSUPPRESSED$bDatabase
=TCO  \\$aCLA$bCLA$c008
=LAS  \\$a3072$b40$c20161102$lBLL01$h1319

