=LDR  02500 as a2200673 a 4500
=001  014654959
=003  Uk
=005  20080717120151.0
=006  m\\\\\\\\d\\\\\\\\
=007  cr\un|||||||||
=008  020822c20029999oncbr\pss\\\\\0\\\\0eng\d
=FMT  \\$a  SE
=010  \\$a2003223214
=035  \\$a(OCoLC)50449143$z(OCoLC)53100387
=040  \\$aTXU$cTXU$dOCLCQ$dCLU$dHUL$dOCLCQ$dSILAS$dOCLCQ$dUk
=042  \\$aukblsr
=043  \\$an-cn---$an-us---
=050  14$aHF1$b.Q3
=130  0\$aIvey business journal (Online)
=245  10$aIvey business journal$h[electronic resource].
=246  13$aIvey business journal online
=260  \\$aLondon, Ont. :$bIvey Management Services, Richard Ivey School of Business, University of Western Ontario,$c2002-
=310  \\$aBimonthly
=336  \\$atext$2rdacontent
=337  \\$acomputer$2rdamedia
=338  \\$aonline resource$2rdacarrier
=362  0\$aVol. 66, no. 6 (Sept./Oct. 2002)-
=500  \\$aTitle from title screen (viewed Mar. 19, 2003).
=530  \\$aAlso issued in print.
=538  \\$aMode of access: World Wide Web.
=580  \\$aContinues the print edition.
=595  \\$aFORMERLY 4589.0426.
=650  \0$aCommerce$vPeriodicals.
=650  \0$aBusiness$vPeriodicals.
=651  \0$aCanada$xCommerce$vPeriodicals.
=651  \0$aCanada$xEconomic conditions$y1991-$vPeriodicals.
=651  \0$aUnited States$xEconomic conditions$y1981-2001$vPeriodicals.
=651  \0$aUnited States$xEconomic conditions$y2001-$vPeriodicals.
=655  \7$aOnline resources.$2local
=710  2\$aRichard Ivey School of Business.
=780  00$tIvey business journal$x1481-8248
=856  40$uhttp://www.proquestcompany.com$zFor subscribers only; BL Reading Room access (via ABI/INFORM global)
=856  40$uhttp://www.iveybusinessjournal.com/$zTo subscribe
=852  41$aBritish Library$bHMNTS$je-media
=945  \\$aIVEY BUSINESS JOURNAL ONLINE.
=979  \\$aBritish Library$bDSC$j4589.042700N
=CAT  \\$a3072$b40$c20080630$lBLL01$h1027
=CAT  \\$a3072$b40$c20080709$lBLL01$h1445
=CAT  \\$a3072$b40$c20080717$lBLL01$h1201
=CAT  \\$aWR12_168$c20121206$lBLL01$h1836
=CAT  \\$aWR13.005$c20130323$lBLL01$h1352
=CAT  \\$aBATCH-UPD$b00$c20131021$lBLL01$h1141
=FIN  \\$aY$d20080709
=LEO  \\$aMP10.0000306344
=SID  \\$aZ39$bOCLC
=SRC  \\$aDSS01$bbibmp10.200404.2.aa
=STA  \\$aSUPPRESSED$bDatabase
=TCO  \\$aCAN$bAccess$c008
=LAS  \\$aBATCH-UPD$b00$c20131021$lBLL01$h1141

