=LDR  02127cam a2200577 a 4500
=001  014660336
=003  Uk
=005  20080707110037.0
=008  080515s2008\\\\ja\\\\\\\\\\\\000\0\jpn\d
=FMT  \\$a  BK
=020  \\$a9784784213894
=020  \\$a4784213899
=035  \\$a(OCoLC)228115995
=040  \\$aTRCLS$cTRCLS
=084  \\$a210.04$2njb/9
=245  00$6880-01$aKanryōsei to hōkensei no hikaku bunmeishiteki kōsatsu /$cKasaya, Kazuhiko.
=260  \\$6880-02$aKyōto :$bShibunkakushuppan,$c2008.
=300  \\$a529, 3 p. ;$c22 cm.
=336  \\$atext$2rdacontent
=337  \\$aunmediated$2rdamedia
=338  \\$avolume$2rdacarrier
=490  1\$6880-03$aKuge to buke ;$v4.
=650  07$6880-04$aNihon-Rekishi.$2jlabsh/3
=650  07$6880-05$aKuge.$2jlabsh/3
=650  07$6880-06$aBushi.$2jlabsh/3
=650  07$6880-07$aKizoku.$2jlabsh/3
=650  07$6880-08$aKanryōsei-Rekishi.$2jlabsh/3
=650  07$6880-09$aHōken seido.$2jlabsh/3
=700  1\$6880-10$aKasaya, Kazuhiko.
=856  4\$uhttp://www.bk1.jp/trcno/08023021/?partnerid=oclc&siteid=oclc$zJapanese record available for display
=880  00$6245-01$a官僚制と封建制の比較文明史的考察 /$c笠谷和比古編.
=880  \\$6260-02$a京都 :$b思文閣出版,$c2008.
=880  \0$6440-03$a公家と武家 ;$v4.
=880  07$6650-04$a日本-歴史$2jlabsh/3
=880  07$6650-05$a公家$2jlabsh/3
=880  07$6650-06$a武士$2jlabsh/3
=880  07$6650-07$a貴族$2jlabsh/3
=880  07$6650-08$a官僚制-歴史$2jlabsh/3
=880  07$6650-09$a封建制度$2jlabsh/3
=880  1\$6700-10$a笠谷和比古
=830  \0$6880-03$aKuge to buke ;$v4.
=852  41$aBritish Library$bOC$jJPN.2000.a.45/4
=CAT  \\$a2717$b40$c20080707$lBLL01$h1100
=CAT  \\$aBATCH$b00$c20091217$lBLL01$h0530
=CAT  \\$aBATCH$b00$c20100103$lBLL01$h1322
=CAT  \\$aWR12170$c20121116$lBLL01$h1702
=CAT  \\$aBATCH-UPD$b00$c20230504$lBLL01$h1705
=CAT  \\$aW2308-1659$c20230923$lBLL01$h1126
=SID  \\$aZ39$bOCLC
=STA  \\$aSUPPRESSED$bPreliminary Record
=LAS  \\$aW2308-1659$b00$c20230923$lBLL01$h1126

