=LDR  01726cam a2200445 a 4500
=001  014660359
=003  Uk
=005  20080707111100.0
=008  080526s2008\\\\ja\\\\\\\\\\\\000\0\jpn\d
=FMT  \\$a  BK
=020  \\$a9784757141827
=020  \\$a4757141823
=035  \\$a(OCoLC)229342629
=040  \\$aTRCLS$cTRCLS
=084  \\$a361.65$2njb/9
=100  1\$6880-01$aInoki, Takenori.
=245  10$6880-02$aSenkanki nihon no shakai shūdan to nettowāku :$bDemokurashī to chūkan dantai /$cInoki, Takenori.
=260  \\$6880-03$aTōkyō :$bEnutītīshuppan,$c2008.
=300  \\$a400 p. ;$c22 cm.
=336  \\$atext$2rdacontent
=337  \\$aunmediated$2rdamedia
=338  \\$avolume$2rdacarrier
=650  07$6880-04$aShakai shūdan.$2jlabsh/3
=650  07$6880-05$aTaishō demokurashī.$2jlabsh/3
=856  4\$uhttp://www.bk1.jp/trcno/08016129/?partnerid=oclc&siteid=oclc$zJapanese record available for display
=880  1\$6100-01$a猪木武徳
=880  10$6245-02$a戦間期日本の社会集団とネットワーク :$bデモクラシーと中間団体 /$c猪木武徳編著.
=880  \\$6260-03$a東京 :$bNTT出版,$c2008.
=880  07$6650-04$a社会集団$2jlabsh/3
=880  07$6650-05$a大正デモクラシー$2jlabsh/3
=852  41$aBritish Library$bOC$jYP.2008.a.8461
=CAT  \\$a2717$b40$c20080707$lBLL01$h1111
=CAT  \\$aBATCH-UPD$b40$c20080915$lBLL01$h0114
=CAT  \\$aBATCH-UPD$b40$c20090208$lBLL01$h1200
=CAT  \\$aWR12170$c20121116$lBLL01$h1702
=CAT  \\$aBATCH-UPD$b00$c20160226$lBLL01$h2118
=CAT  \\$aW2308-1659$c20230923$lBLL01$h1126
=SID  \\$aZ39$bOCLC
=STA  \\$aSUPPRESSED$bPreliminary Record
=LAS  \\$aW2308-1659$b00$c20230923$lBLL01$h1126

