=LDR  01650cam a2200445 a 4500
=001  014660366
=003  Uk
=005  20080707111317.0
=008  080619s2008\\\\ja\\\\\\\\\\\\000\0\jpn\d
=FMT  \\$a  BK
=020  \\$a9784623051601
=020  \\$a4623051609
=035  \\$a(OCoLC)232341948
=040  \\$aTRCLS$cTRCLS
=084  \\$a385.6$2njb/9
=245  00$6880-01$aShi no gihō :$bzaitakushi ni miru sō no reisetsu shiseikan /$cKondō Noriyuki;Komatsu Kazuhiko.
=260  \\$6880-02$aKyōto :$bMinerubashobō,$c2008.
=300  \\$a297 p. ;$c22 cm.
=336  \\$atext$2rdacontent
=337  \\$aunmediated$2rdamedia
=338  \\$avolume$2rdacarrier
=650  07$6880-03$aSōsei.$2jlabsh/4
=650  07$6880-04$aSei to shi.$2jlabsh/4
=700  1\$6880-05$aKondō, Noriyuki.
=700  1\$6880-06$aKomatsu, Kazuhiko.
=856  4\$uhttp://www.bk1.jp/trcno/08020770/?partnerid=oclc&siteid=oclc$zJapanese record available for display
=880  00$6245-01$a死の儀法 :$b在宅死に見る葬の礼節・死生観 /$c近藤功行;小松和彦編著.
=880  \\$6260-02$a京都 :$bミネルヴァ書房,$c2008.
=880  07$6650-03$a葬制.$2jlabsh/4
=880  07$6650-04$a生と死.$2jlabsh/4
=880  1\$6700-05$a近藤功行.
=880  1\$6700-06$a小松和彦.
=852  41$aBritish Library$bOC$jYP.2008.a.8460
=CAT  \\$a2717$b40$c20080707$lBLL01$h1113
=CAT  \\$aWR12170$c20121116$lBLL01$h1702
=CAT  \\$aBATCH-UPD$b00$c20230504$lBLL01$h1705
=CAT  \\$aW2308-1659$c20230923$lBLL01$h1126
=SID  \\$aZ39$bOCLC
=STA  \\$aSUPPRESSED$bPreliminary Record
=LAS  \\$aW2308-1659$b00$c20230923$lBLL01$h1126

