=LDR  01697cam a2200469 a 4500
=001  014660378
=003  Uk
=005  20080707111941.0
=008  080619s2008\\\\ja\\\\\\\\\\\\000\0\jpn\d
=FMT  \\$a  BK
=020  \\$a9784757604568
=020  \\$a4757604564
=035  \\$a(OCoLC)232340904
=040  \\$aTRCLS$cTRCLS
=084  \\$a216$2njb/9
=245  00$6880-01$aKansai o sōzō suru /$cSenda Minoru.
=260  \\$6880-02$aOosaka :$bIzumishoin,$c2008.
=300  \\$a405 p. ;$c22 cm.
=336  \\$atext$2rdacontent
=337  \\$aunmediated$2rdamedia
=338  \\$avolume$2rdacarrier
=490  1\$6880-03$aKamigata bunko bekkan shirīzu ;$v1
=650  07$6880-04$aKinki chihō-Rekishi.$2jlabsh/4
=700  1\$6880-05$aSenda, Minoru.
=856  4\$uhttp://www.bk1.jp/trcno/08020066/?partnerid=oclc&siteid=oclc$zJapanese record available for display
=880  00$6245-01$a関西を創造する /$c千田稔編.
=880  \\$6260-02$a大阪 :$b和泉書院,$c2008.
=880  \0$6440-03$a上方文庫別卷シリーズ ;$v1
=880  07$6650-04$a近畿地方-歴史.$2jlabsh/4
=880  1\$6700-05$a千田稔.
=830  \0$6880-03$aKamigata bunko bekkan shirīzu ;$v1
=852  41$aBritish Library$bOC$jYP.2008.a.7389
=CAT  \\$a2717$b40$c20080707$lBLL01$h1119
=CAT  \\$aBATCH-UPD$b40$c20080909$lBLL01$h0208
=CAT  \\$aBATCH$b00$c20091217$lBLL01$h0530
=CAT  \\$aBATCH$b00$c20100103$lBLL01$h1322
=CAT  \\$aWR12170$c20121116$lBLL01$h1702
=CAT  \\$aBATCH-UPD$b00$c20230504$lBLL01$h1705
=CAT  \\$aW2308-1659$c20230923$lBLL01$h1126
=SID  \\$aZ39$bOCLC
=STA  \\$aSUPPRESSED$bPreliminary Record
=LAS  \\$aW2308-1659$b00$c20230923$lBLL01$h1126

