=LDR  01875cam a2200493 a 4500
=001  014667121
=003  Uk
=005  20080714174627.0
=008  080526s2008\\\\ja\\\\\\\\\\\\000\0\jpn\d
=FMT  \\$a  BK
=020  \\$a9784582921526
=020  \\$a4582921523
=035  \\$a(OCoLC)229342884
=040  \\$aTRCLS$cTRCLS
=084  \\$a721.9$2njb/9
=245  00$6880-01$aKaburagi kiyokata :$bYukishi meiji no omokage /$cKurata, Kimihiro.
=260  \\$6880-02$aTōkyō :$bHeibonsha,$c2008.
=300  \\$a153 p. ;$c29 cm.
=336  \\$atext$2rdacontent
=337  \\$aunmediated$2rdamedia
=338  \\$avolume$2rdacarrier
=490  1\$6880-03$aBessatsu taiyō Nihon no kokoro 152.
=600  14$6880-04$aKaburagi, Kiyokata.
=700  1\$6880-05$aKurata, Kimihiro.
=856  4\$uhttp://www.bk1.jp/trcno/08016349/?partnerid=oclc&siteid=oclc$zJapanese record available for display
=880  10$6245-01$a鏑木清方 :$b逝きし明治のおもかげ /$c倉田公裕監修.
=880  \\$6260-02$a東京 :$b平凡社,$c2008.
=880  \0$6440-03$a別冊太陽$p日本のこころ$n152.
=880  \\$6500-00$a略年譜鎌倉市鏑木清方記念美術館作成:p149-153
=880  1\$6600-04$a鏑木清方
=880  1\$6700-05$a倉田公裕
=830  \0$6880-03$aBessatsu taiyō$pNihon no kokoro$n152.
=852  41$aBritish Library$bOC$j16271.c.14/152
=CAT  \\$a2717$b40$c20080714$lBLL01$h1746
=CAT  \\$aBATCH-UPD$b40$c20080928$lBLL01$h2111
=CAT  \\$aBATCH-UPD$b40$c20090119$lBLL01$h2258
=CAT  \\$aBATCH$b00$c20091217$lBLL01$h0531
=CAT  \\$aBATCH$b00$c20100103$lBLL01$h1322
=CAT  \\$aWR12170$c20121116$lBLL01$h1702
=CAT  \\$aBATCH-UPD$b00$c20230504$lBLL01$h1705
=CAT  \\$aW2308-1659$c20230923$lBLL01$h1126
=SID  \\$aZ39$bOCLC
=STA  \\$aSUPPRESSED$bPreliminary Record
=LAS  \\$aW2308-1659$b00$c20230923$lBLL01$h1126

