=LDR  01821cam a2200481 a 4500
=001  014768804
=003  Uk
=005  20081002155921.0
=008  080619s2008\\\\ja\\\\\\\\\\\\000\0\jpn\d
=FMT  \\$a  BK
=020  \\$a9784876987498
=020  \\$a4876987491
=035  \\$a(OCoLC)232343822
=040  \\$aTRCLS$cTRCLS
=084  \\$a518.8$2njb/9
=100  1\$6880-01$aFuno, Shūji.
=245  10$6880-02$aMugaru toshi :$bisurāmu toshi no kūkan hen'yō /$cFuno Shūji;Yamane Shū.
=260  \\$6880-03$aKyōto :$bKyōtodaigakugakujutsushuppankai,$c2008.
=300  \\$a22, 443 p. ;$c23 cm.
=336  \\$atext$2rdacontent
=337  \\$aunmediated$2rdamedia
=338  \\$avolume$2rdacarrier
=650  07$6880-04$aToshi-Rekishi.$2jlabsh/4
=650  07$6880-05$aIndo-Rekishi.$2jlabsh/4
=650  07$6880-06$aIsuramu kenchiku.$2jlabsh/4
=700  1\$6880-07$aYamane, Shū,$d1968-
=856  4\$uhttp://www.bk1.jp/trcno/08030714/?partnerid=oclc&siteid=oclc$zJapanese record available for display
=880  1\$6100-01$a布野修司.
=880  10$6245-02$aムガル都市 :$bイスラーム都市の空間変容 /$c布野修司;山根周著.
=880  \\$6260-03$a京都 :$b京都大学学術出版会,$c2008.
=880  \\$6500-00$a文献:p401-427
=880  07$6650-04$a都市-歴史.$2jlabsh/4
=880  07$6650-05$aインド-歴史.$2jlabsh/4
=880  07$6650-06$aイスラム建築.$2jlabsh/4
=880  1\$6700-07$a山根周,$d1968-
=852  41$aBritish Library$bOC$jYP.2008.a.7972
=CAT  \\$a2717$b40$c20081002$lBLL01$h1559
=CAT  \\$aBATCH-UPD$b40$c20110513$lBLL01$h2018
=CAT  \\$aWR12170$c20121116$lBLL01$h1702
=CAT  \\$aW2308-1659$c20230923$lBLL01$h1130
=SID  \\$aZ39$bOCLC
=STA  \\$aSUPPRESSED$bPreliminary Record
=LAS  \\$aW2308-1659$b00$c20230923$lBLL01$h1130

