=LDR  01962cam a2200505 a 4500
=001  014770295
=003  Uk
=005  20081006162543.0
=008  080806s2008\\\\ja\\\\\\\\\\\\000\0\jpn\d
=FMT  \\$a  BK
=020  \\$a9784887138513
=020  \\$a4887138512
=035  \\$a(OCoLC)239851550
=040  \\$aTRCLS$cTRCLS
=084  \\$a024.8$2njb/9
=245  00$6880-01$aKanda jinbōchō to heionwai :$bkosho to machizukuri no hikaku shakaigaku /$cŌuchi Tazuko;Kumada Toshio;Koyama Noboru;Fujita Hirō.
=260  \\$6880-02$aTōkyō :$bTōshindō,$c2008.
=300  \\$a286 p. ;$c20 cm.
=336  \\$atext$2rdacontent
=337  \\$aunmediated$2rdamedia
=338  \\$avolume$2rdacarrier
=650  07$6880-03$aKoshoten.$2jlabsh/4
=650  07$6880-04$aChiiki kaihatsu.$2jlabsh/4
=700  1\$6880-05$aŌuchi, Tazuko.
=700  1\$6880-06$aKumada, Toshio.
=700  1\$6880-07$aKoyama, Noboru.
=700  1\$6880-08$aFujita, Hirō.
=856  4\$uhttp://www.bk1.jp/trcno/08039905/?partnerid=oclc&siteid=oclc$zJapanese record available for display
=880  00$6245-01$a神田神保町とヘイ・オン・ワイ :$b古書とまちづくりの比較社会学 /$c大内田鶴子;熊田俊郎;小山騰;藤田弘夫編.
=880  \\$6260-02$a東京 :$b東信堂,$c2008.
=880  \\$6500-00$a欧文タイトル:Kanda-Jinbocho and Hay on Wye
=880  07$6650-03$a古書店.$2jlabsh/4
=880  07$6650-04$a地域開発.$2jlabsh/4
=880  1\$6700-05$a大内田鶴子.
=880  1\$6700-06$a熊田俊郎.
=880  1\$6700-07$a小山騰.
=880  1\$6700-08$a藤田弘夫.
=852  41$aBritish Library$bOC$jYP.2008.a.7969
=CAT  \\$a2717$b40$c20081006$lBLL01$h1625
=CAT  \\$aWR12170$c20121116$lBLL01$h1702
=CAT  \\$aBATCH-UPD$b00$c20230504$lBLL01$h1706
=CAT  \\$aW2308-1659$c20230923$lBLL01$h1130
=SID  \\$aZ39$bOCLC
=STA  \\$aSUPPRESSED$bPreliminary Record
=LAS  \\$aW2308-1659$b00$c20230923$lBLL01$h1130

