=LDR  02179 ai a2200541 a 4500
=001  014848743
=003  Uk
=005  20081204161558.0
=006  m\\\\\\\\d\\\\\\\\
=007  cr\cn|||||||||
=008  080102c20079999xxuuu\dss\\\\\0\\\\2eng\d
=FMT  \\$a  SE
=015  \\$aGBA8D7875$2bnb
=035  \\$a(OCoLC)186429326
=040  \\$aUk$beng$cUk
=042  \\$aukblsr
=043  \\$ae-uk---
=050  \4$aDA10
=082  04$a072$222
=245  00$aBritish newspapers, 1600-1900$h[electronic resource] /$cBritish Library.
=260  \\$a[S.l.] :$bGale Group
=260  3\$3<2008>$a[S.l.] :$bGale, Cengage Learning
=336  \\$atext$2rdacontent
=337  \\$acomputer$2rdamedia
=338  \\$aonline resource$2rdacarrier
=362  1\$aBegan in 2007?
=538  \\$aMode of access: World Wide Web.
=520  \\$a17th and 18th Century Burney Collection newspapers and 19th Century British Library Newspapers in a full-text, fully cross-searchable digital archive. 1271 Burney titles: London and provincial newsbooks, newspapers, periodicals and other material, 1600-1800; 46 newspapers from England, Wales, Scotland and Ireland, 1800-1900. Each database is also separately searchable.
=500  \\$aTitle from home page (viewed on Jan. 2, 2008).
=506  \\$aAccess limited to subscribers.
=651  \0$aGreat Britain$xHistory$yStuarts, 1603-1714$vSources.
=651  \0$aGreat Britain$xHistory$y18th century$vSources.
=651  \0$aGreat Britain$xHistory$y19th century$vSources.
=650  \0$aBritish newspapers$vIndexes.
=655  \0$aElectronic reference sources.
=710  2\$aBritish Library.
=730  02$a19th century British Library newspapers.
=730  02$a17th-18th century Burney Collection newspapers.
=856  40$uhttp://find.galegroup.com/$zFor subscribers only; BL Reading Room access
=852  41$aBritish Library$bHMNTS$je-media
=CAT  \\$a3072$b40$c20081204$lBLL01$h1615
=CAT  \\$aBATCH-UPD$b40$c20131021$lBLL01$h1141
=CAT  \\$aWR14_140$c20140905$lBLL01$h1821
=FIN  \\$aY$d20081204
=SID  \\$aZ39$bOCLC
=STA  \\$aSUPPRESSED$bDatabase
=TCO  \\$aTRS$bCCC$c008
=LAS  \\$aWR14_140$b00$c20140905$lBLL01$h1821

