=LDR  02551 ji a2200565 a 4500
=001  014856587
=003  Uk
=005  20121023105745.0
=006  m\\\\\\\\h\\\\\\\\
=006  skr\d\s\\\\\0\\\\2
=006  a\\\\\sk\\\\000\0\
=007  cr\nna||||||||
=008  040310c20049999cc\uunn\oadi\\\\\\n\eng\d
=FMT  \\$a  SE
=016  \\$a014856587
=035  \\$a(OCoLC)54671018
=035  \\$a(OCoLC)54671018$z(OCoLC)156898346$z(OCoLC)315917397$z(OCoLC)328182686$z(OCoLC)433900098$z(OCoLC)617524801
=040  \\$aSNN$beng$cSNN$dOCLCQ$dWCM$dCUS$dNLE$dNOC$dOCLCQ$dPAU$dUKMGB
=042  \\$aukblsr
=050  \4$aML74.7$b.N39
=082  04$a780.266
=245  00$aNaxos music library$h[electronic resource].
=246  1\$iTitle on publisher information page:$aNaxos.com
=260  \\$aHong Kong ;$aFranklin, TN :$bNaxos Digital Services,$cc2004-
=260  \\$aHong Kong ;$aFranklin, TN :$bNaxos Digital Services
=310  \\$aUpdated monthly
=362  1\$aBegan in 2004?
=538  \\$aSystem requirements: Adobe Flash Player version 9 or higher required for listening to music tracks.
=500  \\$aTitle from screen (viewed on Jan. 20, 2010).
=520  \\$a"Naxos Music Library is the most comprehensive collection of classical music available online. It includes the complete Naxos, Marco Polo and Da Capo catalogues of over 170,000 tracks, including Classical music, Historical recordings, Jazz, World, Folk and Chinese music. Whilst listening, users can read notes on the works being played as well as biographical information on composers or artists in Naxos's extensive database"--FAQ p.
=588  \\$aLatest version consulted on May 10, 2011.
=650  \0$aMusic$vDatabases.
=710  2\$aNaxos Digital Services.
=856  40$uhttp://www.naxosmusiclibrary.com/default.asp?pagename=ScontentQuery$zFor subscribers only, requires account and password
=852  41$aBritish Library$bHMNTS$je-media
=CAT  \\$a3072$b40$c20081215$lBLL01$h1650
=CAT  \\$a3072$b40$c20081215$lBLL01$h1657
=CAT  \\$a3072$b40$c20081216$lBLL01$h1003
=CAT  \\$a3072$b40$c20081218$lBLL01$h0951
=CAT  \\$a3072$b40$c20090810$lBLL01$h1647
=CAT  \\$a8456$b40$c20100715$lBLL01$h1201
=CAT  \\$aWR11_155$c20120104$lBLL01$h1854
=CAT  \\$a3072$b40$c20121023$lBLL01$h1057
=CAT  \\$aBATCH-UPD$b40$c20131021$lBLL01$h1141
=CAT  \\$aBATCH-016$c20160608$lBLL01$h1430
=FIN  \\$aY$d20081218
=SID  \\$aZ39$bOCLC
=STA  \\$aSUPPRESSED$bDatabase
=TCO  \\$aZZZ$c008
=LAS  \\$aBATCH-016$b00$c20160608$lBLL01$h1430

