=LDR  01657cam a2200421 a 4500
=001  014865349
=003  Uk
=005  20081230134143.0
=008  080910s2007\\\\ja\\\\\\\\\\\\000\0\jpn\d
=FMT  \\$a  BK
=020  \\$a9784902010527
=020  \\$a4902010526
=035  \\$a(OCoLC)247857040
=040  \\$aTRCLS$cTRCLS
=084  \\$a188.215$2njb/9
=245  00$6880-01$aKurozōshi shinkurozōshi yakushiji shozō.
=260  \\$6880-02$a[S.l.] :$bBunkazaikenkyūjonarabunkazaikenkyūjo,$c2007.
=300  \\$a269 p. ;$c22 cm.
=336  \\$atext$2rdacontent
=337  \\$aunmediated$2rdamedia
=338  \\$avolume$2rdacarrier
=490  1\$6880-03$aNara bunkazai kenkyūjo shiryō ; Nanto shiryō sōsho 1$v78
=610  14$6880-04$aYakushiji.
=856  4\$uhttp://www.bk1.jp/trcno/08104828/?partnerid=oclc&siteid=oclc$zJapanese record available for display
=880  00$6245-01$a黒草紙・新黒双紙<薬師寺所蔵>.
=880  \\$6260-02$a[奈良] :$b文化財研究所奈良文化財研究所,$c2007.
=880  \0$6440-03$a奈良文化財研究所史料 ;$v第78冊$p南都史料叢書$n第1冊
=880  14$6610-04$a薬師寺,$c奈良市
=830  \0$6880-03$aNara bunkazai kenkyūjo shiryō ;$v78$pNanto shiryō sōsho$n1
=852  41$aBritish Library$bOC$jYP.2009.a.3644
=CAT  \\$a2717$b40$c20081230$lBLL01$h1341
=CAT  \\$aBATCH$b00$c20091217$lBLL01$h0539
=CAT  \\$aBATCH$b00$c20100103$lBLL01$h1330
=CAT  \\$aWR12170$c20121116$lBLL01$h1702
=CAT  \\$aW2308-1659$c20230923$lBLL01$h1134
=SID  \\$aZ39$bOCLC
=STA  \\$aSUPPRESSED$bPreliminary Record
=LAS  \\$aW2308-1659$b00$c20230923$lBLL01$h1134

