=LDR  02301cam a2200517 a 4500
=001  014869654
=003  Uk
=005  20090106131428.0
=008  080904s2008\\\\ja\a\\\\\b\\\\000\0\jpn\d
=FMT  \\$a  BK
=010  \\$a  2008429919
=020  \\$a9784840625036
=020  \\$a4840625034
=035  \\$a(OCoLC)ocn231722938
=040  \\$aTRCLS$cTRCLS$dCLU$dDLC
=042  \\$alccopycat
=050  00$aPL758.83$b.M86 2008
=245  00$6880-01$aMuromachi buke kankei bungeishū /$cTōkyō Daigaku Shiryō Hensanjo hen.
=250  \\$6880-02$aShohan.
=260  \\$6880-03$aTōkyō :$bYagi Shoten,$c2008.
=300  \\$aiii, 246, 37 p. :$bill. ;$c22 x 31 cm.
=336  \\$atext$2rdacontent
=337  \\$aunmediated$2rdamedia
=338  \\$avolume$2rdacarrier
=490  0\$6880-04$aTōkyō Daigaku Shiryō Hensanjo eiin sōsho ;$v3
=500  \\$aReproduces ms. documents, dated 1339-1490?, in collection of Tōkyō Daigaku Shiryō Hensanjo. With new introd.
=504  \\$aIncludes bibliographical references.
=505  0\$aAshikaga Takauji hōnō inariyashiro ei hasshu waka -- Minamoto Tsuneuji kashū -- Kōun kikō -- Asukai Masayori yuzurijō -- Asukai Masachika shōsoku an -- Asukai Masayasu shōsoku -- Ninagawa Chikamoto hitsu hyakushu waka -- Ninagawa Chikamoto eisō -- Ninagawa Chikamoto shojō.
=650  \0$aWaka.
=650  \0$aJapanese literature$y1185-1600.
=710  2\$6880-05.$aTōkyō Daigaku.$bShiryō Hensanjo.
=880  00$6245-01/{dollar}1$a室町武家関係文芸集 /$c東京大学史料編纂所編.
=880  \\$6250-02/{dollar}1$a初版.
=880  \\$6260-03/{dollar}1$a東京 :$b八木書店,$c2008.
=880  0\$6490-04/{dollar}1$a東京大学史料編纂所影印叢書 ;$v3
=880  1\$6710-05/{dollar}1$a東京大学.$b史料編纂所.
=856  4\$uhttp://www.bk1.jp/trcno/08027334/?partnerid=oclc&siteid=oclc$zJapanese record available for display
=852  41$aBritish Library$bOC$jYP.2009.b.263
=CAT  \\$a2717$b40$c20090106$lBLL01$h1314
=CAT  \\$aWR12170$c20121116$lBLL01$h1702
=CAT  \\$aBATCH-UPD$b00$c20121116$lBLL01$h1817
=CAT  \\$aBATCH-UPD$b00$c20161118$lBLL01$h2140
=CAT  \\$aW2308-1659$c20230923$lBLL01$h1134
=SRC  \\$aBLL02
=STA  \\$aSUPPRESSED$bPreliminary Record
=LAS  \\$aW2308-1659$b00$c20230923$lBLL01$h1134

