=LDR  02056cam a2200553 a 4500
=001  014876178
=003  Uk
=005  20090112142829.0
=008  081014s2008\\\\ja\ab\\\\b\\\\000\0\jpn\d
=FMT  \\$a  BK
=020  \\$a9784588214516
=020  \\$a4588214519
=035  \\$a(OCoLC)262585479
=040  \\$aTRCLS$cTRCLS$dPIT
=043  \\$aa-ja---
=084  \\$a471.9$2njb/9
=100  1\$6880-01$aArioka, Toshiyuki,$d1937-
=245  10$6880-02$aAki no nanakusa /$cArioka Toshiyuki.
=250  \\$6880-03$aShohan.
=260  \\$6880-04$aTōkyō :$bHōsei Daigaku Shuppankyoku,$c2008.
=300  \\$axii, 293 p. :$bill., maps ;$c20 cm.
=336  \\$atext$2rdacontent
=337  \\$aunmediated$2rdamedia
=338  \\$avolume$2rdacarrier
=490  0\$6880-05$aMono to ningen no bunkashi ;$v145
=504  \\$aIncludes bibliographical references (p. 281-290).
=650  \0$aHuman-plant relationships$zJapan$xHistory.
=650  \0$aPlants and civilization$zJapan$xHistory.
=650  \0$aSuburban plants$zJapan.
=650  \0$aWild flowers in literature.
=650  07$6880-06$aYūyō shokubutsu.$2jlabsh/4
=650  07$6880-07$aShokubutsu(Bungakujō).$2jlabsh/4
=856  4\$uhttp://www.bk1.jp/trcno/08051592/?partnerid=oclc&siteid=oclc$zJapanese record available for display
=880  1\$6100-01$a有岡利幸,$d1937-
=880  10$6245-02$a秋の七草 /$c有岡利幸.
=880  \\$6250-03$a初版.
=880  \\$6260-04$a東京 :$b法政大学出版局,$c2008.
=880  0\$6490-05$aものと人間の文化史 ;$v145
=880  07$6650-06$a有用植物.$2jlabsh/4
=880  07$6650-07$a植物(文学上).$2jlabsh/4
=852  41$aBritish Library$bOC$jYP.2009.a.1688
=CAT  \\$a2717$b40$c20090112$lBLL01$h1428
=CAT  \\$aBATCH-UPD$b40$c20090112$lBLL01$h1429
=CAT  \\$aWR12170$c20121116$lBLL01$h1702
=CAT  \\$aBATCH-UPD$b00$c20230504$lBLL01$h1706
=CAT  \\$aW2308-1659$c20230923$lBLL01$h1134
=SID  \\$aZ39$bOCLC
=STA  \\$aSUPPRESSED$bPreliminary Record
=LAS  \\$aW2308-1659$b00$c20230923$lBLL01$h1134

