=LDR  02453cam a2200625 a 4500
=001  014879281
=003  Uk
=005  20090115130818.0
=008  080903s2008\\\\ja\af\\\\b\\\\000\0\jpn\d
=FMT  \\$a  BK
=020  \\$a9784757604810
=020  \\$a4757604815
=035  \\$a(OCoLC)247842110
=040  \\$aTRCLS$cTRCLS$dCLU
=050  \4$aDS897.K574
=084  \\$a216.3$2njb/9
=245  00$6880-01$aKishiwada kojō kara jōkamachi e :$bchūsei kinsei no Kishiwada /$cŌsawa Ken'ichi, Niki Hiroshi hen.
=250  \\$6880-02$aShohan.
=260  \\$6880-03$aŌsaka-shi :$bIzumi Shoin,$c2008.
=300  \\$av, 250 p., [3] p. of plates :$bill. (some col.) ;$c20 cm.
=336  \\$atext$2rdacontent
=337  \\$aunmediated$2rdamedia
=338  \\$avolume$2rdacarrier
=490  1\$6880-04$aKamigata bunko ;$v34
=504  \\$aIncludes bibliographical references.
=651  \0$6880-05$aKishiwada-shi (Japan)$xHistory.
=650  \0$aCastles$zJapan$zKishiwada-shi (Japan)$xHistory.
=651  \0$6880-06$aKishiwada-shi (Japan)$xAntiquities.
=700  1\$6880-07$aŌsawa, Ken'ichi.
=700  1\$6880-08$aNiki, Hiroshi,$d1962-
=856  4\$uhttp://www.bk1.jp/trcno/08043947/?partnerid=oclc&siteid=oclc$zJapanese record available for display
=880  00$6245-01$a岸和田古城から城下町へ :$b中世・近世の岸和田 /$c大沢研一, 仁木宏編.
=880  \\$6250-02$a初版.
=880  \\$6260-03$a大阪市 :$b和泉書院,$c2008.
=880  \0$6440-04$a上方文庫 ;$v34
=880  \0$6651-05$a岸和田市 (Japan)$xHistory.
=880  \0$6651-06$a岸和田市 (Japan)$xAntiquities.
=880  1\$6700-07$a大沢研一.
=880  1\$6700-08$a仁木宏.
=830  \0$6880-04$aKamigata bunko$v34.
=852  41$aBritish Library$bOC$jZP.9.a.102/34
=CAT  \\$a2717$b40$c20090115$lBLL01$h1308
=CAT  \\$aBATCH-UPD$b40$c20090115$lBLL01$h1308
=CAT  \\$aBATCH$b00$c20091217$lBLL01$h0539
=CAT  \\$aBATCH$b00$c20100103$lBLL01$h1331
=CAT  \\$aWR12170$c20121116$lBLL01$h1702
=CAT  \\$aBATCH-UPD$b00$c20121116$lBLL01$h1818
=CAT  \\$aBATCH-UPD$b00$c20150212$lBLL01$h2042
=CAT  \\$aBATCH-UPD$b00$c20161105$lBLL01$h1732
=CAT  \\$aBATCH-UPD$b00$c20170127$lBLL01$h2046
=CAT  \\$aBATCH-UPD$b00$c20190630$lBLL01$h2040
=CAT  \\$aW2308-1659$c20230923$lBLL01$h1134
=SID  \\$aZ39$bOCLC
=STA  \\$aSUPPRESSED$bPreliminary Record
=LAS  \\$aW2308-1659$b00$c20230923$lBLL01$h1134

