=LDR  02688 ai a2200601 a 4500
=001  014910272
=003  Uk
=005  20090810115619.0
=006  m\\\\\\\\d\\\\\\\\
=007  cr|cn||||uuuuu
=008  070108c20079999miuuu\d\s\\\\\0\\\\2eng\d
=FMT  \\$a  SE
=015  \\$aGBA978194$2bnb
=035  \\$a(OCoLC)78044924
=040  \\$aYUS$cYUS$dUMC$dUk
=042  \\$aukblsr
=043  \\$aa-iq---
=050  \4$aDS79
=082  04$a956.704$222
=245  00$aIraq, 1914-1974$h[electronic resource].
=246  3\$aMiddle east online.$nSeries 2,$pIraq, 1914-1974
=260  \\$aFarmington Hills, Mich. :$bThomson Gale,$cc2007-
=260  3\$3<2008>$a[S.l.] :$bGale, Cengage Learning
=336  \\$atext$2rdacontent
=337  \\$acomputer$2rdamedia
=338  \\$aonline resource$2rdacarrier
=490  0\$aMiddle east online. Series 2
=490  0\$aCengage Learning historical archives
=538  \\$aMode of access: World Wide Web.
=500  \\$aTitle from home page (viewed Jan. 8, 2007).
=500  \\$aLast viewed Aug. 10, 2009.
=516  \\$aElectronic text (HTML), images (JPEG), films (SWF), and search engine.
=520  \\$aIraq 1914-1974 comprises original source material from the Foreign Office, Colonial Office, War Office and Cabinet Papers covering the period from the Anglo-Indian landing in Basra in 1914 through the British Mandate in Iraq of 1920-32 to the rise of Saddam Hussein in 1974. Major policy statements and other working documents are set out in context, the minor documents and marginalia revealing the workings of the mandate administration, diplomacy, treaties, oil and arms dealing. The resource includes photographs, colour maps from The National Archives and contemporary film.
=506  \\$aAccess restricted by licensing agreement.
=651  \0$aIraq$xHistory$y1921-$vSources.
=651  \0$aGreat Britain$xForeign relations$zIraq$vSources.
=651  \0$aIraq$xForeign relations$zGreat Britain$vSources.
=651  \0$aIraq$vDatabases.
=710  2\$aNational Archives (Great Britain)
=856  40$uhttp://www.tlemea.com/iraq/index.htm$zFor subscribers only; BL Reading Room access only
=852  41$aBritish Library$bHMNTS$je-media
=CAT  \\$a10902$b40$c20090218$lBLL01$h0905
=CAT  \\$a3072$b40$c20090810$lBLL01$h1129
=CAT  \\$a3072$b40$c20090810$lBLL01$h1141
=CAT  \\$a3072$b40$c20090810$lBLL01$h1146
=CAT  \\$a3072$b40$c20090810$lBLL01$h1156
=CAT  \\$aBATCH-UPD$b40$c20131021$lBLL01$h1141
=CAT  \\$aWR14_140$c20140905$lBLL01$h1821
=FIN  \\$aY$d20090810
=SID  \\$aZ39$bOCLC
=STA  \\$aSUPPRESSED$bDatabase
=TCO  \\$aTRS$bCCC$c008
=LAS  \\$aWR14_140$b00$c20140905$lBLL01$h1821

