=LDR  01731cam a2200457 a 4500
=001  014928552
=003  Uk
=005  20090312134726.0
=008  090305s2008\\\\ja\a\\\\\\\\\\000\0\jpn\\
=FMT  \\$a  BK
=010  \\$a2009408962
=020  \\$a9784258045754
=020  \\$a4258045756
=035  \\$a(DLC)15648472
=035  \\$a(DLC)2009408962
=040  \\$aDLC$cDLC
=066  \\$c{dollar}1
=100  1\$6880-01$aOkamoto, Jirō,$d1963-
=245  10$6880-02$aŌsutoraria no taigai keizai seisaku to asean /$cOkamoto Jirō cho.
=260  \\$6880-03$aChiba-shi :$bAjia Keizai Kenkyūjo,$c2008.
=300  \\$aix, 316 p. :$bill. ;$c22 cm.
=336  \\$atext$2rdacontent
=337  \\$aunmediated$2rdamedia
=338  \\$avolume$2rdacarrier
=490  0\$6880-04$aKenkyū sōsho ;$v575
=880  1\$6100-01/{dollar}1$a岡本次郎,$d1963-
=880  10$6245-02/{dollar}1$aオーストラリアの対外経済政策とASEAN /$c岡本次郎著.
=880  \\$6260-03/{dollar}1$a千葉市 :$bアジア経済研究所,$c2008.
=880  0\$6490-04/{dollar}1$a研究双書 ;$v575
=880  \\$6500-00/{dollar}1$a文献:p279-308
=880  14$6610-00/{dollar}1$a東南アジア諸国連合.
=880  07$6650-00/{dollar}1$aオーストラリア-経済関係-東南アジア.$2jlabsh/4
=880  07$6650-00/{dollar}1$a経済政策-オーストラリア.$2jlabsh/4
=856  4\$uhttp://www.bk1.jp/trcno/09003164/?partnerid=oclc&siteid=oclc$zJapanese record available for display
=852  41$aBritish Library$bOC$jST.100/196(575)
=CAT  \\$a2717$b40$c20090312$lBLL01$h1347
=CAT  \\$aWR12170$c20121116$lBLL01$h1702
=CAT  \\$aW2308-1659$c20230923$lBLL01$h1136
=SID  \\$aZ39$bLOC
=STA  \\$aSUPPRESSED$bPreliminary Record
=LAS  \\$aW2308-1659$b00$c20230923$lBLL01$h1136

