=LDR  01756 as a22004455a 4500
=001  014935929
=003  Uk
=005  20090323140115.0
=006  m\\\\\\\\d\|\\\\\\
=007  cr||||||||||||
=008  040806c199u9999xxuuu\p\s\\\\\0\\\a0chi\\
=FMT  \\$a  SE
=040  \\$aUk$beng$cUk
=041  0\$achi$beng
=042  \\$aukblsr
=082  04$a300$222
=245  00$aChina academic journals.$p[Social Sciences & Humanities (CAJ-EDU).$nSeries J,$pEconomics/management]$h[electronic resource].
=246  1\$iSearch screen title:$aCAJ full-text database
=260  \\$aMinneapolis, Min. :$bEast View Information Services.
=336  \\$atext$2rdacontent
=337  \\$acomputer$2rdamedia
=338  \\$aonline resource$2rdacarrier
=538  \\$aMode of access: World Wide Web.
=546  \\$aInterface in English or Chinese.
=520  \\$aFull text articles from hundreds of Chinese academic journals on economics/management from 1994 to present. Many journals in Chinese include English abstracts.
=500  \\$aTitle from database selection screen and database descriptions screen (viewed 23 March 2009)
=650  \0$aEconomics$vPeriodicals.
=650  \0$aManagement$vPeriodicals.
=650  \0$aChinese periodicals.
=650  \0$aSocial sciences$xPeriodicals$vIndexes.
=650  \0$aHumanities$xPeriodicals$vIndexes.
=650  \0$aChinese periodicals$vIndexes.
=856  40$uhttp://online.eastview.com/cnki_login/$zFor subscribers only; BL Reading Room access
=852  41$aBritish Library$bHMNTS$je-media
=CAT  \\$a4039$b40$c20090323$lBLL01$h1401
=CAT  \\$aBATCH-UPD$b40$c20131021$lBLL01$h1141
=FIN  \\$aY$d20090323
=STA  \\$aSUPPRESSED$bDatabase
=TCO  \\$aTRS$bCCC$c008
=LAS  \\$aBATCH-UPD$b40$c20131021$lBLL01$h1141

