=LDR  02486cai a2200541 i 4500
=001  020842482
=003  Uk
=005  20221221153638.0
=006  m\\\\\o\\d\\\\\\\\
=007  cr\cn|||||||||
=008  180831c20189999vtuuu\d\o\\\\\0\\\a2eng\d
=FMT  \\$a  SE
=035  \\$a(OCoLC)1050347674
=040  \\$aOL$beng$cOL$dOL$dOCLCF$dOCLCO$dUk$erda
=043  \\$af-sa---
=082  04$a079.68221$223
=130  0\$aSowetan (Soweto, South Africa)
=245  10$aSowetan, 1981-2006.
=246  13$aSowetan archive
=264  \1$aChester, Vt. :$bNewsBank, inc.,$c2018-
=300  \\$a1 online resource
=336  \\$atext$btxt$2rdacontent
=337  \\$acomputer$bc$2rdamedia
=338  \\$aonline resource$bcr$2rdacarrier
=362  1\$aBegan Mar. 5, 1980.
=520  \\$aOne of South Africa's most prominent newspapers, the Sowetan was launched as a response to apartheid conditions in Soweto and other segregated communities. Impassioned editorials, engaging political columns and firsthand reporting soon helped the Sowetan become the country's most widely circulated black paper. Now, each issue is available in a fully searchable digital archive, giving students and researchers unprecedented access to decades of South African history.
=651  \0$aSoweto (South Africa)$vNewspapers$vDatabases.
=651  \0$aSouth Africa$xHistory$y20th century$vDatabases.
=650  \0$aElectronic newspapers.
=651  \6$aAfrique du Sud$xHistoire$y20e siècle$vBases de données.
=650  \6$aJournaux électroniques.
=650  \7$aElectronic newspapers.$2fast$0(OCoLC)fst00907379
=651  \7$aSouth Africa.$2fast$0(OCoLC)fst01204616
=651  \7$aSouth Africa$zSoweto.$2fast$0(OCoLC)fst01207195
=648  \7$a1900-1999$2fast
=655  \7$aDatabases.$2fast$0(OCoLC)fst01411643
=655  \7$aHistory.$2fast$0(OCoLC)fst01411628
=655  \7$aNewspapers.$2fast$0(OCoLC)fst01423814
=710  2\$aNewsBank, inc.,$eissuing body.
=856  4\$uhttps://www.newsbank.com/libraries/colleges-universities/solutions/regional-resources/sowetan-archive-1981-today$zTo subscribe
=852  \\$aBritish Library$bHMNTS$je-media
=985  \\$aUnsure of dates; 1981-2006 on derived record; 1981-2004 on invoice; check when resource can be accessed in Jan. 2023.
=CAT  \\$a3072$b40$c20221220$lBLL01$h1656
=CAT  \\$a3072$b40$c20221221$lBLL01$h1536
=FIN  \\$aY$d20221220
=SID  \\$aZ39$bOCLC
=STA  \\$aSUPPRESSED$bDatabase
=LAS  \\$a3072$b40$c20221221$lBLL01$h1536

