=LDR  02009cai a2200529 i 4500
=001  020845068
=003  Uk
=005  20230223173218.0
=006  m\\\\\o\\d\\\\\\\\
=007  cr\cn|||||||||
=008  191021c20189999vtuuu\d\o\\\\\0\\\a2eng\d
=FMT  \\$a  SE
=035  \\$a(OCoLC)1124672645
=040  \\$aOL$beng$cOL$dOCLCF$dOCLCQ$dOCLCO$dUk$erda
=043  \\$af-sa---
=082  04$a079.68221$223
=130  0\$aBusiness Day (Johannesburg, South Africa)
=245  10$aBusiness Day Archive, 1985-.
=246  1\$iAlso known as:$aBusiness day (South Africa) historical archive
=264  \1$aChester, Vt. :$bNewsBank, Inc.,$c2018-
=300  \\$a1 online resource
=336  \\$atext$btxt$2rdacontent
=337  \\$acomputer$bc$2rdamedia
=338  \\$aonline resource$bcr$2rdacarrier
=362  1\$aBegan 1985.
=651  \0$aJohannesburg (South Africa)$vNewspapers$vDatabases.
=651  \0$aSouth Africa$xHistory$y20th century$vDatabases.
=650  \0$aElectronic newspapers.
=651  \6$aAfrique du Sud$xHistoire$y20e siècle$vBases de données.
=650  \6$aJournaux électroniques.
=650  \7$aElectronic newspapers.$2fast$0(OCoLC)fst00907379
=651  \7$aSouth Africa.$2fast$0(OCoLC)fst01204616
=651  \7$aSouth Africa$zJohannesburg.$2fast$0(OCoLC)fst01206332
=648  \7$a1900-1999$2fast
=655  \7$aDatabases.$2fast$0(OCoLC)fst01411643
=655  \7$aHistory.$2fast$0(OCoLC)fst01411628
=655  \7$aNewspapers.$2fast$0(OCoLC)fst01423814
=710  2\$aNewsBank, inc.,$eissuing body.
=856  4\$uhttps://www.newsbank.com/libraries/colleges-universities/solutions/regional-resources/business-day-archive-1985-today$zTo subscribe
=852  \\$aBritish Library$bHMNTS$je-media
=985  \\$aUpdated by MS generated file for WR2302-017
=CAT  \\$a3072$b40$c20221220$lBLL01$h1712
=CAT  \\$aW2302-0174$c20230223$lBLL01$h2104
=FIN  \\$aY$d20221220
=SID  \\$aZ39$bOCLC
=STA  \\$aSUPPRESSED$bDatabase
=LAS  \\$aW2302-0174$b00$c20230223$lBLL01$h2104

