=LDR  02055cai a2200553 i 4500
=001  020846193
=003  Uk
=005  20221221104829.0
=006  m\\\\\o\\d\\\\\\\\
=007  cr\cn|||||||||
=008  180831c20189999vtuuu\d\o\\\\\0\\\a2eng\d
=FMT  \\$a  SE
=035  \\$a(OCoLC)1050347524
=040  \\$aOL$beng$cOL$dOCLCF$dOCLCO$dUk$erda
=042  \\$aukblsr
=043  \\$af-sa---
=082  04$a079.68221$223
=130  0\$aSunday times (Johannesburg, South Africa)
=245  10$aSunday times archive, 1906-2018.
=246  13$aSunday times, the (South Africa) ... digital edition
=247  10$aSunday times archive, 1906-1996
=264  \1$aChester, Vt. :$bNewsBank, inc.,$c2018-
=300  \\$a1 online resource
=336  \\$atext$btxt$2rdacontent
=337  \\$acomputer$bc$2rdamedia
=338  \\$aonline resource$bcr$2rdacarrier
=362  1\$aBegan Feb. 4, 1906.
=651  \0$aJohannesburg (South Africa)$vNewspapers$vDatabases.
=651  \0$aSouth Africa$xHistory$y20th century$vDatabases.
=650  \0$aElectronic newspapers.
=651  \6$aAfrique du Sud$xHistoire$y20e siècle$vBases de données.
=650  \6$aJournaux électroniques.
=650  \7$aElectronic newspapers.$2fast$0(OCoLC)fst00907379
=651  \7$aSouth Africa.$2fast$0(OCoLC)fst01204616
=651  \7$aSouth Africa$zJohannesburg.$2fast$0(OCoLC)fst01206332
=648  \7$a1900-1999$2fast
=655  \7$aDatabases.$2fast$0(OCoLC)fst01411643
=655  \7$aHistory.$2fast$0(OCoLC)fst01411628
=655  \7$aNewspapers.$2fast$0(OCoLC)fst01423814
=710  2\$aNewsBank, inc.,$eissuing body.
=856  4\$uhttps://www.newsbank.com/libraries/colleges-universities/solutions/regional-resources/sunday-times-archive-1906-today$zTo subscribe
=852  \\$aBritish Library$bHMNTS$je-media
=CAT  \\$a3072$b40$c20221221$lBLL01$h1043
=CAT  \\$a3072$b40$c20221221$lBLL01$h1044
=CAT  \\$a3072$b40$c20221221$lBLL01$h1048
=FIN  \\$aY$d20221221
=SID  \\$aZ39$bOCLC
=STA  \\$aSUPPRESSED$bDatabase
=LAS  \\$a3072$b40$c20221221$lBLL01$h1048

