=LDR  01085cai a2200289 i 4500
=001  020846276
=003  Uk
=005  20230208124103.0
=006  m\\\\\|\\d\|\\\\\\
=007  cr\|||||||||||
=008  221221c201u9999xxuuu\d\o\\\\\0\\\a2eng\\
=FMT  \\$a  SE
=130  0\$aEvening star (Washington, D.C.)
=245  10$aWashington evening star, 1852-1981.
=246  13$aWashington, District of Columbia, newspapers :$bEvening Star
=264  \1$a[Naples, Fla.] :$bReadex, a division of NewsBank
=336  \\$atext$2rdacontent
=337  \\$acomputer$2rdamedia
=338  \\$aonline resource$2rdacarrier
=830  \0$aArchive of Americana.
=856  4\$uhttps://www.readex.com/products/washington-evening-star-1852-1981$zTo subscribe
=852  \\$aBritish Library$bHMNTS$je-media
=985  \\$aPurchased accessioning record awaiting upgrade; record based on product info screen, as no suitable derivable record available.
=CAT  \\$a3072$b40$c20221221$lBLL01$h1307
=CAT  \\$a3072$b40$c20230208$lBLL01$h1241
=STA  \\$aSUPPRESSED$bDatabase
=LAS  \\$a3072$b40$c20230208$lBLL01$h1241

