=LDR  03761cai a2200577 i 4500
=001  020846328
=003  Uk
=005  20221221145919.0
=006  m\\\\\o\\d\\\\\\\\
=007  cr\|||||||||||
=008  180709c20189999flu\x\d\o\\\\\0\\\a2eng\c
=FMT  \\$a  SE
=010  \\$a  2018221179
=035  \\$a(OCoLC)1043669543
=040  \\$aOBE$beng$cOBE$dOBE$dOCLCF$dOCLCO$dOCLCQ$dHLS$dDLC$dWAU$dOCL$dUk$erda
=042  \\$aukblsr
=043  \\$an-us---
=050  \4$aF965$b.T47
=245  00$aTerritorial papers of the United States.
=246  1\$aTerritorial papers of the United States, 1764-1953
=246  13$aTerritorial papers of the United States, Series 1-4 digital edition
=264  \1$a[Naples, Florida] :$bReadex, a division of NewsBank,$c[2018]-
=300  \\$a1 online resource
=310  \\$aFrequently updated
=336  \\$atext$btxt$2rdacontent
=337  \\$acomputer$bc$2rdamedia
=338  \\$aonline resource$bcr$2rdacarrier
=500  \\$a"The official history of every American territory before it became an American state, sourced from the National Archives of the United States."
=520  \\$a"From the 1760s to the 1950s the United States of America expanded southward and westward, acquiring territories that spanned from Florida to California to Alaska. For over one hundred years the territorial governments and affairs in general were supervised by the Department of State. In 1873 that responsibility was transferred to the Department of the Interior and, with the exception of appointments of territorial officials, was ordinarily referred to the Patents and Miscellaneous Division. From this unlikely source comes the official history of the states' formative territorial years recorded in primary source documents, many of which are hand-written, that include official correspondence with Washington, Native American negotiations and treaties, military records, judicial proceedings, population data, financial statistics, land records, and more."
=520  \\$a"This collection contains: The entire corpus of the official papers held by the Departments of State and Interior; The official papers held by the National Archives referred to as "Multi-Agency" records; Many of the documents contained in David Parker's Calendar of Papers in Washington Archives Relating to the Territories of the United States (to 1873); Supplemental records from Alaska. In addition to the Department of the Interior's Alaskan Territorial Papers are the Records of the Alaskan Territorial Legislature and the Files of the Alaskan Territorial Governors."
=500  \\$aTitle from home page (viewed November 29, 2018).
=651  \0$aUnited States$xHistory$vSources$vDatabases.
=651  \0$aUnited States$xTerritorial expansion$vSources$vDatabases.
=650  \0$aU.S. states$xHistory$vSources$vDatabases.
=650  \7$aU.S. states.$2fast$0(OCoLC)fst01160235
=650  \7$aTerritorial expansion.$2fast$0(OCoLC)fst01355135
=650  \7$aUnited States territories and possessions.$2fast$0(OCoLC)fst01355190
=651  \7$aUnited States.$2fast$0(OCoLC)fst01204155
=655  \7$aHistory.$2fast$0(OCoLC)fst01411628
=655  \7$aDatabases.$2fast$0(OCoLC)fst01411643
=655  \7$aSources.$2fast$0(OCoLC)fst01423900
=710  2\$aNational Archives (U.S.),$eowning institution.
=710  2\$aReadex (Firm),$eissuing body.
=856  40$uhttp://infoweb.newsbank.com/apps/readex/?p=TERPX$zConnect to resource
=856  42$uhttps://www.readex.com/content/territorial-papers-united-states-1764-1953$zDescription
=852  \\$aBritish Library$bHMNTS$je-media
=CAT  \\$a3072$b40$c20221221$lBLL01$h1459
=FIN  \\$aY$d20221221
=SID  \\$aZ39$bOCLC
=STA  \\$aSUPPRESSED$bDatabase
=LAS  \\$a3072$b40$c20221221$lBLL01$h1459

