=LDR  01566cai a2200421 i 4500
=001  020846361
=003  Uk
=005  20230720163513.0
=006  m\\\\\|\\d\|\\\\\\
=007  cr\|||||||||||
=008  221221c201u9999enkuu\d\o\\\\\0\\\a2eng\\
=FMT  \\$a  SE
=040  \\$aUk$beng$cUk$erda
=082  04$a071.9461$223
=245  00$aSan Francisco chronicle :$b1869-1984.
=264  \1$a[Chester, Vt.] :$bNewsBank, Inc.
=336  \\$atext$2rdacontent
=337  \\$acomputer$2rdamedia
=338  \\$aonline resource$2rdacarrier
=588  \\$aTitle from search screen (viewed on December 21, 2022).
=651  \0$aSan Francisco (Calif.)$vNewspapers$vDatabases.
=651  \0$aCalifornia$vNewspapers$vDatabases.
=650  \0$aElectronic newspapers.
=650  \7$aElectronic newspapers.$2fast$0(OCoLC)fst00907379
=651  \7$aCalifornia.$2fast$0(OCoLC)fst01204928
=651  \7$aCalifornia$zSan Francisco.$2fast$0(OCoLC)fst01204481
=655  \0$aOnline databases.
=655  \7$aDatabases.$2fast$0(OCoLC)fst01411643
=655  \7$aNewspapers.$2fast$0(OCoLC)fst01423814
=710  2\$aNewsBank, inc.
=856  40$uhttps://infoweb.newsbank.com/apps/news/browse-pub?p=WORLDNEWS&t=pubname%3A142051F45F422A02%21San%2BFrancisco%2BChronicle&action=browse&year=1984$zTo subscribe
=852  \\$aBritish Library$bHMNTS$je-media
=CAT  \\$a3072$b40$c20221221$lBLL01$h1634
=CAT  \\$a3072$b40$c20230209$lBLL01$h1330
=CAT  \\$a3072$b40$c20230720$lBLL01$h1635
=FIN  \\$aY$d20230720
=STA  \\$aSUPPRESSED$bDatabase
=LAS  \\$a3072$b40$c20230720$lBLL01$h1635

