=LDR  01442cai a2200349 i 4500
=001  021000410
=003  Uk
=005  20230426104529.0
=006  m\\\\\\\\d\|\\\\\\
=007  cr\|||||||||||
=008  191112c20uu9999enkk|\d\o\\\\\0\\\a2eng\\
=FMT  \\$a  SE
=040  \\$aUk$beng$cUk$erda
=042  \\$aukblsr
=082  04$a320.6$223
=245  00$aOverton.
=264  \1$a[London] :$bOpen Policy Ltd
=336  \\$atext$2rdacontent
=337  \\$acomputer$2rdamedia
=338  \\$aonline resource$2rdacarrier
=500  \\$aOverton is a pioneering platform that allows users to discover more than 7.5 million policy documents and their links to each other, to academic papers and to relevant people and topics. It enables researchers to trace the evolution of ideas all the way from academic and think tank research, through knowledge brokers and other intermediaries, to government reports and legislation.
=588  \\$aDescription based on start screen viewed on April 26 2023.
=650  \7$aPolicy sciences.$2fast$0(OCoLC)fst01068796
=650  \7$aPolitical planning.$2fast$0(OCoLC)fst01069460
=655  \7$aDatabases.$2fast$0(OCoLC)fst01411643
=856  4\$uhttps://app.overton.io$zTo login
=852  \\$aBritish Library$bHMNTS$je-media
=CAT  \\$a8055$b40$c20230324$lBLL01$h1031
=CAT  \\$a3072$b40$c20230426$lBLL01$h1045
=FIN  \\$aY$d20230426
=STA  \\$aSUPPRESSED$bDatabase
=LAS  \\$a3072$b40$c20230426$lBLL01$h1045

