=LDR  02021cai a2200481 i 4500
=001  021235704
=003  Uk
=005  20231005155849.0
=006  m\\\\\|\\d\|\\\\\\
=007  cr\|||||||||||
=008  231003c2uuu9999xxudu\d\o\\\\\0\\\a2eng\\
=FMT  \\$a  SE
=040  \\$aUk$beng$cUk$erda
=042  \\$aukblsr
=082  04$a072.1$223
=245  00$aProQuest historical newspapers.$pLondon evening standard.
=246  30$aLondon evening standard
=264  \1$a[Ann Arbor, Mich.] :$bProQuest
=336  \\$atext$2rdacontent
=337  \\$acomputer$2rdamedia
=338  \\$aonline resource$2rdacarrier
=520  \\$aOffers full facsimile page and article images with word searchable text back to the first issue of the London published The Standard (1827-1900) and the Evening Standard 1897- current (one week behind print publication). Part of ProQuest Historical Newspapers.
=588  \\$aDescription based on contents viewed on October 3, 2023; title from search screen.
=650  \7$aHistory$xSources.$2fast$0(OCoLC)fst00958295
=651  \7$aEngland$zLondon.$2fast$0(OCoLC)fst01204271
=651  \7$aGreat Britain.$2fast$0(OCoLC)fst01204623
=655  \7$aDatabases.$2fast$0(OCoLC)fst01411643
=655  \7$aNewspapers.$2fast$0(OCoLC)fst01423814
=710  2\$aProQuest (Firm)
=773  08$iContained in (work):$tProQuest historical newspapers.$d[Ann Arbor, Mich.] : UMI
=752  \\$aEngland$dLondon.
=856  4\$uhttps://www.proquest.com/hnplondoneveningstandard/news/fromDatabasesLayer/index?accountid=9735$zTo subscribe
=852  \\$aBritish Library$bHMNTS$je-media
=CAT  \\$a3072$b40$c20231003$lBLL01$h1703
=CAT  \\$a3072$b40$c20231005$lBLL01$h1549
=CAT  \\$a3072$b40$c20231005$lBLL01$h1550
=CAT  \\$a3072$b40$c20231005$lBLL01$h1556
=CAT  \\$a3072$b40$c20231005$lBLL01$h1557
=CAT  \\$a3072$b40$c20231005$lBLL01$h1558
=CAT  \\$a3072$b40$c20231005$lBLL01$h1558
=FIN  \\$aY$d20231005
=STA  \\$aSUPPRESSED$bDatabase
=LAS  \\$a3072$b40$c20231005$lBLL01$h1558

