=LDR  02760cai a2200577 i 4500
=001  021237854
=003  Uk
=005  20231005133236.0
=006  m\\\\\|\\d\|\\\\\\
=007  cr||||||||||||
=008  230619c20239999miuuu\d\o\\\\\0\\\a2eng\d
=FMT  \\$a  SE
=035  \\$a(OCoLC)1382781524
=040  \\$aBUB$beng$cBUB$dOCLCO$dUk$erda
=042  \\$aukblsr
=050  \4$aLB1025.3
=082  04$a909.0971241$223
=245  00$aColonial legacies :$bEmpire & Commonwealth periodicals.
=264  \1$a[Ann Arbor, Michigan] :$bProQuest
=300  \\$a1 online resource
=336  \\$atext$btxt$2rdacontent
=337  \\$acomputer$bc$2rdamedia
=338  \\$aonline resource$bcr$2rdacarrier
=500  \\$aCoverage dates: 1910-2015.
=520  \\$aThe backfiles of over 30 periodicals concerning the 20th-century history of the British Empire, decolonization, and the history and culture of former colonies. This archive offers a mixture of British publications about the empire and titles published in Commonwealth countries. Coverage ranges from the late-19th century to the 21st - these publications encompass the key events in the empire's later phase and its post-independence legacies.
=588  0\$aContents viewed on June 19, 2023 (ProQuest); title from Basic search page.
=650  \7$aBritish colonies.$2fast$0(OCoLC)fst01910374
=650  \7$aImperialism$xBritish colonies.$2fast$0(OCoLC)fst00968128
=650  \7$aDecolonization$xBritish colonies.$2fast$0(OCoLC)fst00889116
=650  \7$aCulture.$2fast$0(OCoLC)fst00885059
=650  \7$aCommonwealth periodicals.$2fast$0(OCoLC)fst00869859
=650  \7$aBritish periodicals.$2fast$0(OCoLC)fst00839094
=651  \0$aCommonwealth countries$xHistory.
=650  \7$aTwentieth century.$2fast$0(OCoLC)fst01159810
=650  \7$aWorld politics.$2fast$0(OCoLC)fst01181381
=655  \7$aDatabases.$2fast$0(OCoLC)fst01411643
=655  \7$aHistory.$2fast$0(OCoLC)fst01411628
=655  \7$aPeriodicals.$2fast$0(OCoLC)fst01411641
=655  \7$aSources.$2fast$0(OCoLC)fst01423900
=710  2\$aProQuest (Firm),$eissuing body.
=856  4\$uhttps://search.proquest.com$zTo subscribe
=852  \\$aBritish Library$bHMNTS$je-media
=985  \\$aResource not available October 5, 2023; product info viewed at https://pq-static-content.proquest.com/collateral/media2/documents/brochure-coloniallegacies-empirecommonwealthperiodicals.pdf. 588 viewed info left as is GC 5/10/23.
=CAT  \\$a3072$b40$c20231005$lBLL01$h1135
=CAT  \\$a3072$b40$c20231005$lBLL01$h1138
=CAT  \\$a3072$b40$c20231005$lBLL01$h1138
=CAT  \\$a3072$b40$c20231005$lBLL01$h1332
=FIN  \\$aY$d20231005
=SID  \\$aZ39$bOCLC
=STA  \\$aSUPPRESSED$bDatabase
=LAS  \\$a3072$b40$c20231005$lBLL01$h1332

