=LDR  03573 ai a2200697 a 4500
=001  013110869
=003  Uk
=005  20130103142057.0
=006  m\\\\\\\\d\|\\\\\\
=007  cr||||||||||||
=008  050214c200u9999xxuuu\d\sai\\\0\\\a2eng\\
=FMT  \\$a  SE
=015  \\$aGBA517110$2bnb
=040  \\$aUk$beng$cUk$dUk
=042  \\$aukblsr
=082  04$a361.941$222
=245  00$aSocial policy & practice$h[electronic resource].
=246  3\$aSocial policy and practice
=260  \\$a[New York, N.Y. ;$aLondon :$bOvid Technologies]
=336  \\$atext$2rdacontent
=337  \\$acomputer$2rdamedia
=338  \\$aonline resource$2rdacarrier
=538  \\$aMode of access: World Wide Web.
=550  \\$aContains information from the following information providers: Centre for Policy on Ageing; Greater London Authority; National Children's Bureau; and the Social Care Institute for Excellence.
=500  \\$aTitle from Social policy & practice home page (viewed Jan. 3, 2012).
=520  \\$aBibliographic database covering social policy, social care, public health, housing, homelessness, community development and regeneration, crime, law and order, children, families and older people. Material is mainly from the UK with some references from the USA and Europe. Oriented towards applied research, policy and practice and complements theoretical sources. Includes grey literature and government publications. References are from 1890 to date, with the majority being from the 1980s onwards.
=650  \0$aSocial policy$zGreat Britain$vAbstracts.
=650  \0$aSocial policy$vAbstracts.
=650  \0$aSocial problems$zGreat Britain$vAbstracts.
=650  \0$aSocial problems$vAbstracts.
=650  \0$aHuman services$zGreat Britain$vAbstracts.
=650  \0$aHuman services$vAbstracts.
=690  7\$aSocial Welfare$2blcoll
=710  2\$aCentre for Policy on Ageing (London, England)
=710  2\$aGreater London Authority.
=710  2\$aNational Children's Bureau.
=710  2\$aSocial Care Institute for Excellence (Great Britain)
=710  2\$aOvid Technologies, Inc.
=740  02$aAgeInfo.
=730  02$aChildData.
=730  02$aIDOX information service.
=740  02$aSocial care online.
=856  40$uhttp://www.spandp.net/default.aspx$zTo link to OvidSP; for subscribers only
=856  4\$uhttp://web5silverplatter.com/webspirs/start.ws
=852  41$aBritish Library$bSTI$je-media
=985  \\$aconsidered whether to change publisher info, but not exactly clear who the "publisher" is. On the Ovid database description page it's given as "Social Care Institute for Excellence", but their website doesn't mention this database amongst their publns. Might be a joint effort between the 5 partners, inc SCIE. On Social policy & practice home page is c. Idox Information Solutions, but this might just be for this website (which links to Ovid) - left as Ovid.
=CAT  \\$a6946$b40$c20050214$lBLL01$h1551
=CAT  \\$a6946$b40$c20050214$lBLL01$h1552
=CAT  \\$a3072$b40$c20050224$lBLL01$h1458
=CAT  \\$a11249$b40$c20050412$lBLL01$h1505
=CAT  \\$aBATCH$b00$c20110625$lBLL01$h0512
=CAT  \\$aBATCH-SWP4$c20110627$lBLL01$h1554
=CAT  \\$a3072$b40$c20120316$lBLL01$h1009
=CAT  \\$a3072$b40$c20120316$lBLL01$h1010
=CAT  \\$a3072$b40$c20130103$lBLL01$h1239
=CAT  \\$a3072$b40$c20130103$lBLL01$h1420
=CAT  \\$aBATCH-UPD$b40$c20131021$lBLL01$h1141
=FIN  \\$aY$d20050224
=STA  \\$aSUPPRESSED$bDatabase
=TCO  \\$aTRS$bCCC$c008
=LAS  \\$aBATCH-UPD$b40$c20131021$lBLL01$h1141

