=LDR  02050 ai a22005177a 4500
=001  013556051
=003  Uk
=005  20130516143308.0
=007  cr\mn|||||||||
=008  030114c200u9999gw\\x\d\s\\\\\0\\\a2eng\d
=FMT  \\$a  SE
=035  \\$a(OCoLC)51443810
=040  \\$aLCP$cLCP$dOCLCQ$dGZM$dLHM$dUk
=043  \\$aec-----$aee-----
=245  00$aCentral and Eastern European online library$h[electronic resource].
=246  1\$iTitle from HTML source code:$aCEEOL : Central and Eastern European Online Library
=246  33$aCEEOL
=246  33$aC.E.E.O.L.
=260  \\$a[Frankfurt am Main, Germany] :$bQuesta.Soft GmbH,
=336  \\$atext$2rdacontent
=337  \\$acomputer$2rdamedia
=338  \\$aonline resource$2rdacarrier
=520  \\$aOnline database which provides access to full text articles from humanities and social sciences journals, electronic books and re-digitised documents pertaining to Central, South-Eastern, Baltic and Eastern European topics.
=538  \\$aMode of access: World Wide Web.
=538  \\$aSystem requirements: Adobe Acrobat Reader.
=500  \\$aTitle from home page (viewed Apr. 6, 2004).
=651  \0$aEurope, Central$vDatabases.
=651  \0$aEurope, Eastern$vDatabases.
=650  \0$aHumanities$vDatabases.
=650  \0$aSocial sciences$vDatabases.
=710  2\$aQuesta.Soft GmbH.
=856  40$uhttp://www.bl.uk/cgi-bin/eresources.pl?http://www.ceeol.com/index.aspx
=856  40$uhttp://www.ceeol.com$zFor subscribers only; BL Reading Room access$qtext/html
=852  41$aBritish Library$bHMNTS$je-media
=CAT  \\$a6524$b40$c20060918$lBLL01$h1354
=CAT  \\$a3072$b40$c20070608$lBLL01$h1412
=CAT  \\$a3072$b40$c20070608$lBLL01$h1423
=CAT  \\$a3072$b40$c20070611$lBLL01$h1037
=CAT  \\$a11279$b40$c20130516$lBLL01$h1433
=CAT  \\$aBATCH-UPD$b40$c20131021$lBLL01$h1141
=FIN  \\$aY$d20070608
=SID  \\$aZ39$bOCLC
=STA  \\$aSUPPRESSED$bDatabase
=TCO  \\$aDEU$bVG WORT$c008
=090  \\$aDAW1009
=LAS  \\$aBATCH-UPD$b40$c20131021$lBLL01$h1141

