=LDR  05062cai a2201081 a 4500
=001  011739170
=003  Uk
=005  20221231202054.0
=006  m\\\\\\\\d\|\\\\\\
=007  cr\cn|||||||||
=008  040409c199u9999enk\x\d\sa\\\\0\\\a2eng\\
=FMT  \\$a  SE
=015  \\$aGBA537124$2bnb
=019  c\$a2344256
=040  \\$aUk$beng$cUk$dUk
=042  \\$aukblsr
=082  04$a630$222
=130  0\$aCAB abstracts (Online)
=245  10$aCAB abstracts$h[electronic resource].
=246  13$aCABI full text
=260  3\$aWallingford :$bCABI
=336  \\$atext$2rdacontent
=337  \\$acomputer$2rdamedia
=338  \\$aonline resource$2rdacarrier
=500  \\$aTitle from search screen (viewed on August 6, 2013).
=520  \\$aBibliographic database compiled by CAB International. Covers literature in the fields of agriculture, forestry, human health, nutrition, animal health, and the management and conservation of natural resources. Includes selected full text documents from the CABI Full Text Database.
=540  \\$aCurrent Copyright Fee: GBP25.00$c0$5Uk
=650  \0$aLife sciences$vAbstracts$vPeriodicals.
=650  \0$aAgriculture$vAbstracts$vPeriodicals.
=650  \0$aVeterinary medicine$vAbstracts$vPeriodicals.
=650  \0$aNutrition$vAbstracts$vPeriodicals.
=650  \0$aEnvironmental sciences$vAbstracts$vPeriodicals.
=710  2\$aC.A.B. International.
=787  08$iPreviously also issued on CD-ROM$tCAB abstracts (CD-ROM)
=787  08$iHas companion database:$tCAB abstracts archive
=787  08$iHas companion database:$tCAB reviews archive
=856  4\$uhttp://www.ovid.com$zFor subscribers only
=856  42$uhttp://www.cabi.org/publishing-products/online-information-resources/cab-abstracts/
=856  4\$uhttp://web5.silverplatter.com/webspirs/start.ws$zLink no longer valid
=886  2\$2blmarc$a092$b00$a2943.774800n
=852  41$aBritish Library$bSTI$je-media
=945  \\$aCAB ABSTRACTS ONLINE.
=963  \\$aCA/U-2 NO. 1, 1987- 12, 1986 *A=1$bN
=979  \\$aBritish Library$bDSC$j2943.774800N
=985  \\$aPeviously thought to be published in association with C.A.B International with [Ovid Technologies] supplied; following note taken out as probably doesn't apply any more "Data also issued in 44 printed abstract journals".
=A02  \\$a2344256
=CAT  \\$aCONV$b00$c20040425$lBLL90$h0700
=CAT  \\$aBATCH-UPD$b00$c20101124$lBLL01$h1917
=CAT  \\$aBATCH-UPD$b00$c20101125$lBLL01$h1142
=CAT  \\$aIPL-CLA$c20101231$lBLL01$h1430
=CAT  \\$aWR11_203$c20111204$lBLL01$h1439
=CAT  \\$aIPL-CLA$c20111230$lBLL01$h1934
=CAT  \\$a3072$b40$c20120316$lBLL01$h1035
=CAT  \\$aBATCH-CLA$b00$c20121108$lBLL01$h1734
=CAT  \\$aWR13.005$c20130323$lBLL01$h1202
=CAT  \\$a3072$b40$c20130806$lBLL01$h1412
=CAT  \\$a3072$b40$c20130806$lBLL01$h1414
=CAT  \\$a3072$b40$c20130806$lBLL01$h1423
=CAT  \\$aBATCH-UPD$b40$c20131021$lBLL01$h1141
=CAT  \\$aBATCH-CLA$c20131219$lBLL01$h1855
=CAT  \\$aIPL-CLA$c20131231$lBLL01$h2227
=CAT  \\$aBATCH-CLA$b00$c20161222$lBLL01$h1748
=CAT  \\$aIPL-CLA$c20161230$lBLL01$h2028
=CAT  \\$aBATCH-CLA$b00$c20171222$lBLL01$h2101
=CAT  \\$aIPL-CLA$c20171231$lBLL01$h1550
=CAT  \\$aBATCH-CLA$b00$c20191219$lBLL01$h1715
=CAT  \\$aIPL-CLA$c20191231$lBLL01$h1856
=CAT  \\$aR2001-1524$c20200127$lBLL01$h1953
=CAT  \\$aBATCH-CLA$b00$c20201204$lBLL01$h1514
=CAT  \\$aIPL-CLA$c20201231$lBLL01$h2114
=CAT  \\$aBATCH-CLA$b00$c20221221$lBLL01$h1821
=CAT  \\$aIPL-CLA$c20221231$lBLL01$h2020
=CFI  0\$aCurrent Copyright Fee: GBP25.00$c0$e01-jan-2023$fGBP25.00$g0$hA$5Uk
=CFI  2\$aPrevious Copyright Fee: GBP22.50$c0$e01-jan-2021$fGBP22.50$g0$hA$5Uk
=FIN  \\$aY
=LEO  \\$aMP10.0000127583
=LKR  \\$aPAR$b016279128$lBLL01$r787$mCAB abstracts$nCAB abstracts archive
=LKR  \\$aPAR$b016456148$lBLL01$r787$mCAB abstracts$nCAB Reviews Archive.
=SRC  \\$aDSS01$bbibmp10.200404.2.aa
=STA  \\$aSUPPRESSED$bDatabase
=TCO  \\$aCLA$bCLA$c008
=ACF  \\$aPrevious copyright fee: GBP9.00$c0$e01-apr-2010$fGBP9.00$g0$hA$5Uk
=ACF  \\$aPrevious copyright fee: GBP6.00$c0$e01-apr-2008$fGBP6.00$g0$hA$5Uk
=ACF  \\$aPrevious copyright fee: GBP5.00$c0$e01-jul-2002$fGBP5.00$g0$hA$5Uk
=ACF  \\$aCurrent copyright fee: GBP4.40$c0$e01-jul-1998$fGBP4.40$g0$hA$5Uk
=ACF  \\$aCurrent copyright fee: GBP4.20$c0$e01-apr-1997$fGBP4.20$g0$hA$5Uk
=ACF  \\$aPrevious copyright fee: GBP10.50$c0$e01-jan-2011$fGBP10.50$g0$hA$5Uk
=ACF  \\$aPrevious copyright fee: GBP12.00$c0$e01-jan-2012$fGBP12.00$g0$hA$5Uk
=ACF  \\$aPrevious Copyright Fee: GBP12.30$c0$e01-jan-2014$fGBP12.30$g0$hA$5Uk
=ACF  \\$aPrevious Copyright Fee: GBP15.00$c0$e01-jan-2017$fGBP15.00$g0$hA$5Uk
=ACF  \\$aPrevious Copyright Fee: GBP17.50$c0$e01-jan-2018$fGBP17.50$g0$hA$5Uk
=ACF  \\$aPrevious Copyright Fee: GBP20.00$c0$e01-jan-2020$fGBP20.00$g0$hA$5Uk
=LAS  \\$aIPL-CLA$b00$c20221231$lBLL01$h2020

