=LDR  04842 ai a2201069 a 4500
=001  012457049
=003  Uk
=005  20151021140226.0
=006  m\\\\\o\\d\i\\\\\\
=007  cr\cn|||||||||
=008  010112c20009999dcukx\d\o\s\\i0\\\b2eng\c
=010  \\$a  2010239015
=019  1\$abld00L4492
=035  \\$a(OCoLC)45707962$z(OCoLC)46457457$z(OCoLC)47943419$z(OCoLC)48506323$z(OCoLC)78121977$z(OCoLC)173408117$z(OCoLC)173821677$z(OCoLC)223149190$z(OCoLC)502259746$z(OCoLC)685092356
=040  \\$aVA@$beng$cVA@$dOCLCQ$dN@F$dOCLCQ$dUCL$dZCU$dOCLCQ$dZCU$dNOC$dAU@$dCIT$dIUL$dCUS$dUMC$dHLS$dPAU$dOCLCQ$dOCLCF$dUk
=041  0\$aeng$afre
=042  \\$aukblsr
=043  \\$add-----
=050  14$aHC59.15$b.O43
=082  04$a337$223
=245  00$aOECD iLibrary$h[electronic resource].
=246  3\$aOECDiLibrary
=246  3\$aSource OECD
=246  1\$iTitle from HTML header:$aOECD iLibrary: Organisation for Economic Co-operation and Development
=246  1\$iAlso known as:$aOECD depository library service
=247  10$aSourceOECD$f<Jan. 11, 2001>-[Sept. 2010]
=260  \\$a[Washington, D.C.] :$bOECD
=310  \\$aFrequently updated
=336  \\$atext$2rdacontent
=337  \\$acomputer$2rdamedia
=338  \\$aonline resource$2rdacarrier
=362  1\$aBegan in 2000.
=500  \\$aTitle from title screen (publisher's Web site, viewed Sept. 28, 2010).
=506  \\$aSubscription based access.
=520  \\$a"OECD iLibrary is OECD's Online Library for Books, Papers and Statistics and the gateway to OECD's analysis and data. It replaces SourceOECD ... OECD iLibrary contains all the publications and datasets released by OECD (Organisation for Economic Cooperation and Development), International Energy Agency (IEA), Nuclear Energy Agency (NEA), OECD Development Centre, PISA (Programme for International Student Assessment), and International Transport Forum (ITF) since 1998."
=546  \\$aIn English and French.
=588  \\$aLatest version consulted on October 21, 2015.
=610  20$aOrganisation for Economic Co-operation and Development$vBibliography.
=610  20$aOrganisation for Economic Co-operation and Development$vDatabases.
=610  27$aOrganisation for Economic Co-operation and Development$2fast$0(OCoLC)fst00531991
=650  \0$aInternational economic relations$vDatabases.
=650  \0$aInternational cooperation$vDatabases.
=650  \0$aEconomic policy$vDatabases.
=650  \7$aEconomic history.$2fast$0(OCoLC)fst00901974
=650  \7$aEconomic policy.$2fast$0(OCoLC)fst00902025
=650  \7$aInternational cooperation.$2fast$0(OCoLC)fst00976857
=650  \7$aInternational economic relations.$2fast$0(OCoLC)fst00976891
=650  \7$aSocial history.$2fast$0(OCoLC)fst01122498
=651  \0$aDeveloped countries$xEconomic conditions$vDatabases.
=651  \0$aDeveloped countries$xEconomic conditions$vStatistics$vDatabases.
=651  \0$aDeveloped countries$xSocial conditions$vDatabases.
=651  \0$aDeveloped countries$xSocial conditions$vStatistics$vDatabases.
=651  \7$aDeveloped countries.$2fast$0(OCoLC)fst01294462
=653  \\$aOECD
=653  \\$aInternational cooperation
=653  \\$aInternational economic relations
=653  \\$aDatabases
=653  \\$aStatistics
=653  \\$aPeriodicals
=655  \4$aOnline databases.
=655  \7$aDatabases.$2fast$0(OCoLC)fst01411643
=655  \7$aStatistics.$2fast$0(OCoLC)fst01423727
=655  \0$aOnline databases.
=655  \0$aElectronic reference sources.
=655  \7$aInternet resources.$2local
=710  2\$aOrganisation for Economic Co-operation and Development.
=710  2\$aInternational Energy Agency.
=710  2\$aOECD Nuclear Energy Agency.
=710  2\$aOrganisation for Economic Co-operation and Development.$bDevelopment Centre.
=710  2\$aProgramme for International Student Assessment.
=710  2\$aInternational Transport Forum.
=852  41$aBritish Library$bHMNTS$je-media
=856  40$uhttp://www.oecd-ilibrary.org/$zFor subscribers only
=856  40$uhttp://www.sourceoecd.org/content/html/index.htm
=957  \\$a030605p
=985  \\$aPrevious record and title replaced with derived record and new 520.
=CAT  \\$aCONV$b00$c20040425$lBLL90$h0720
=CAT  \\$aCONV$b00$c20040502$lBLL01$h1509
=CAT  \\$a6550$b40$c20051229$lBLL01$h1321
=CAT  \\$aBATCH-UPD$b40$c20131021$lBLL01$h1141
=CAT  \\$a3072$b40$c20151021$lBLL01$h1228
=CAT  \\$a3072$b40$c20151021$lBLL01$h1231
=CAT  \\$a3072$b40$c20151021$lBLL01$h1402
=FIN  \\$aY
=FMT  \\$a  SE
=LAS  \\$a3072$b40$c20151021$lBLL01$h1402
=LEO  \\$aMP13.0000124861
=SID  \\$aZ39$bOCLC
=SRC  \\$aDSS03$bbibsr.200404.2.aa
=SRC  \\$aHSS01$bbibmp13.200404.2.aa
=STA  \\$aSUPPRESSED$bDatabase
=TCO  \\$aTRS$bCCC$c008

