=LDR  02627 ai a2200589 a 4500
=001  012457387
=003  Uk
=005  20090811133846.0
=006  m\\\\\\\\d\|\\\\\\
=007  cr||||||||||||
=008  040227c199u9999gw\ar\d\sib\\\0\\\a2mul\\
=019  1\$abld00L4897
=040  \\$aUk$cUk$dUk
=041  0\$aeng$afre$ager$aita$aspa$arum
=042  \\$aukblsr
=245  00$aWorld biographical information system$h[electronic resource].
=246  1\$iTitle bar title:$aWorld biographical information system online
=246  1\$iAlso formerly known as:$aInternationaler Biographischer Index
=246  13$aK.G. Saur world biographical information system
=246  13$aWBIS online
=247  10$aWorld biographical index ...$f-2004
=260  \\$a[Munich] :$bK.G Saur
=310  \\$aUpdated annually
=336  \\$atext$2rdacontent
=337  \\$acomputer$2rdamedia
=338  \\$aonline resource$2rdacarrier
=500  \\$aDescription based on: 12; title from home page (viewed on 27 Feb. 2004) - German title: Internationaler Biographischer Index.
=500  \\$aLast viewed on Aug. 11, 2009; title from database home page).
=520  \\$aFormerly known as World Biographical Index, WBIS is an index to the Saur biographical archives. Microfiche editions of some of the archives containing the complete texts of the biographical descriptions are available from the Reference Enquiry Desk in the Humanities Reading Room. The digitised version of the British Biographical Archive (series 1 and 2) is accessible via WBIS Online.
=530  \\$aAlso available in CD-ROM format.
=538  \\$aMode of access: World Wide Web.
=546  \\$aSearch interface and database content description in: English, French, German, Italian, Spanish, Romanian.
=650  \0$aBiography$vDatabases.
=776  1\$tInternationaler biographischer Index (CD-ROM)
=852  41$aBritish Library$bHMNTS$je-media
=856  40$uhttp://db.saur.de/WBIS/welcome.jsf
=856  4\$uhttp://www.biblio.tu-bs.de/wbi_en$zNo longer links to resource as of May 2004?
=957  \\$a040227p
=CAT  \\$aCONV$b00$c20040425$lBLL90$h0720
=CAT  \\$aCONV$b00$c20040502$lBLL01$h1509
=CAT  \\$a3072$b40$c20090811$lBLL01$h1321
=CAT  \\$a3072$b40$c20090811$lBLL01$h1323
=CAT  \\$a3072$b40$c20090811$lBLL01$h1338
=CAT  \\$aBATCH$b00$c20091210$lBLL01$h2337
=CAT  \\$aBATCH-UPD$b00$c20131021$lBLL01$h1142
=FIN  \\$aY
=FMT  \\$a  SE
=LAS  \\$aBATCH-UPD$b00$c20131021$lBLL01$h1142
=LEO  \\$aMP13.0000125211
=SRC  \\$aHSS01$bbibmp13.200404.2.aa
=STA  \\$aSUPPRESSED$bDatabase
=TCO  \\$aDEU$bVG WORT$c008

