=LDR  03289 ai a2200853 a 4500
=001  009918140
=003  Uk
=005  20101018135658.0
=006  m\\\\\\\\e\\\\\\\\
=007  cr\cnu||||||||
=008  990721c19979999ohuar\dsscd\\\0\\\\2eng\d
=FMT  \\$a  SE
=015  \\$aGBA331085$2bnb
=019  y\$abA331085
=019  9\$abA331085
=019  1\$abA331085
=035  \\$a(OCoLC)56168935
=039  0\$a2757
=040  \\$aZCU$cZCU$dOCLCQ$dZCU$dUk
=043  \\$ae------
=050  \4$aZ1012$b.H36
=082  04$a016.6862253094$221
=245  00$aHeritage of the printed book$h[electronic resource].
=246  1\$iTitle from search screen:$aHeritagePrintedBook
=246  1\$iTitle from search screen:$aHandPressBook
=246  1\$iAlso known as:$aHPB
=247  10$aHand press book$f<Oct. 3, 2007>
=247  10$aHand press book database$f<Jan. 19, 2004>
=260  \\$a[Dublin, Ohio] :$bOCLC
=310  \\$aUpdated annually
=336  \\$atext$2rdacontent
=337  \\$acomputer$2rdamedia
=338  \\$aonline resource$2rdacarrier
=362  1\$aBegan in 1997?
=538  \\$aMode of access: Word Wide Web.
=500  \\$aTitle from database description screen (viewed Oct. 3, 2007).
=520  \\$aCreated by the Consortium of European Research Libraries (CERL), the Hand Press Book database is a union catalogue of European printing in the early modern era (from the 15th century to the 1830s).
=550  \\$aMade available until 2007 by the Research Libraries Group.
=650  \0$aHand-printed books$vIndexes$vDatabases.
=650  \0$aEarly printed books$vIndexes$vDatabases.
=650  \0$aEarly printed books$vCatalogs.
=650  \0$aHand-printed books$vCatalogs.
=650  \0$aUnion catalogs$zEurope.
=655  \0$aWebsites.
=655  \0$aElectronic reference sources.
=710  2\$aConsortium of European Research Libraries.
=710  2\$aResearch Libraries Group.
=710  2\$aOCLC.
=730  0\$aOCLC FirstSearch.
=856  40$uhttp://www.oclc.org/firstsearch/$zFor subscribers only; BL Reading Room access
=856  4\$uhttp://www.oclc.org/support/documentation/firstsearch/databases/dbdetails/details/HandPressBook.htm
=856  40$uhttp://eureka.rlg.ac.uk$zNo longer links to resource as of Oct. 2007
=886  2\$2ukmarc$a910$b20$aRLG$xSee$aResearch Libraries Group$z710
=886  2\$2ukmarc$a910$b20$aCERL$eParis, France$xSee$aConsortium of European Research Libraries$z710/1
=856  40$uhttp://www.columbia.edu/cgi-bin/cul/resolve?AQC6063
=852  41$aBritish Library$bHMNTS$je-media
=CAT  \\$aCONV$b00$c20040425$lBLL90$h0723
=CAT  \\$aCONV$b00$c20040502$lBLL01$h1343
=CAT  \\$a3072$b40$c20081212$lBLL01$h1216
=CAT  \\$a11249$b40$c20090603$lBLL01$h1434
=CAT  \\$aBATCH$b00$c20091209$lBLL01$h2357
=CAT  \\$a3072$b40$c20101018$lBLL01$h1355
=CAT  \\$a3072$b40$c20101018$lBLL01$h1356
=CAT  \\$aBATCH-UPD$b40$c20131021$lBLL01$h1141
=CAT  \\$aWR14_140$c20140905$lBLL01$h1739
=FIN  \\$aY
=LEO  \\$aMP5.0000021208
=LEO  \\$aMP13.0000237112
=SID  \\$aZ39$bOCLC
=SRC  \\$aBNB03$bbibmp5.200404.2.aa
=SRC  \\$aHSS01$bbibmp13.200404.2.aa
=STA  \\$aSUPPRESSED$bDatabase
=TCO  \\$aTRS$bCCC$c008
=LAS  \\$aWR14_140$b00$c20140905$lBLL01$h1739

