=LDR  03339 ai a2200793 a 4500
=001  009918033
=003  Uk
=005  20121022161019.0
=006  m\\\\\\\\d\\\\\\\\
=007  cr||||||||||||
=008  010503c19989999ilu\x\d\sbi\\\0\\\\2eng\c
=FMT  \\$a  SE
=010  \\$a2009219000$z2001561910
=015  \\$aGBA328861$2bnb
=019  y\$abA328861
=019  9\$abA328861
=019  1\$abA328861
=035  \\$a(OCoLC)ocm47295832
=039  0\$a2767
=040  \\$aDGAO$cDGAO$dDLC$dOCoLC$dTxCM$dDLC$dCSdS$dUk
=042  \\$aukblsr
=050  00$aBL1
=082  04$a016.2$221
=245  00$aATLA religion database$h[electronic resource].
=246  30$aReligion database
=246  3\$aAmerican Theological Library Association religion database
=246  1\$iAlso known as:$aATLAReligion
=246  1\$iAlso known as:$aATLA RDB
=260  \\$a[Bethesda, Md. ;$aEast Grinstead] :$bCSA.
=260  \\$aChicago, Ill :$bAmerican Theological Library Association
=310  \\$aUpdated twice a year
=336  \\$atext$2rdacontent
=337  \\$acomputer$2rdamedia
=338  \\$aonline resource$2rdacarrier
=362  1\$aBegan in 1998?
=538  \\$aMode of access: World Wide Web.
=500  \\$aTitle from About the database page (EBSCOhost, viewed on May 4, 2010).
=500  \\$aCompiled by the American Theological Library Association.
=520  \\$aIndex to journal articles, essays, and book reviews in the field of religion. Covers biblical studies, world religions, church history, and religious perspectives on social issues. Includes authority files for subjects, names as subject, scripture, and journals. Incorporates ATLA print indexes: Religion Index One (RIO), Religion Index Two (RIT), and Index to Book Reviews in Religion (IBRR).
=506  \\$aSubscription required for access.
=650  \0$aReligion$vIndexes.
=650  \0$aTheology$vIndexes.
=710  2\$aAmerican Theological Library Association.
=780  05$tReligion index one. Periodicals$x0149-8428
=780  05$tReligion index two. Multi-author works$x0149-8436
=780  05$tIndex to book reviews in religion$x0887-1574
=856  4\$uhttp://web.ebscohost.com/$zFor subscribers only, requires username and password, follow links to resource
=856  4\$uhttp://www.csa1.co.uk/csa/ids/ids-main.shtml
=852  41$aBritish Library$bHMNTS$je-media
=985  \\$aRecord merged by DQ team
=CAT  \\$aCONV$b00$c20040425$lBLL90$h0723
=CAT  \\$aCONV$b00$c20040502$lBLL01$h1343
=CAT  \\$a6550$b40$c20051114$lBLL01$h1343
=CAT  \\$a11306$b40$c20061010$lBLL01$h0847
=CAT  \\$a3072$b40$c20121022$lBLL01$h1610
=CAT  \\$aBATCH-UPD$b40$c20131021$lBLL01$h1141
=FIN  \\$aY
=LEO  \\$aMP5.0000020960
=LEO  \\$aMP13.0000237005
=LKR  \\$aPAR$b008559383$lBLL01$r78005$mATLA religion database$nReligion index one. Periodicals
=LKR  \\$aPAR$b008559384$lBLL01$r78005$mATLA religion database$nReligion index two. Multi-author works
=LKR  \\$aPAR$b009847713$lBLL01$r78005$mATLA religion database$nIndex to book reviews in religion.
=SID  \\$aZ39$bLOC
=SRC  \\$aDSS02$bbibh.200404.2.aa
=SRC  \\$aBNB03$bbibmp5.200404.2.aa
=SRC  \\$aHSS01$bbibmp13.200404.2.aa
=STA  \\$aSUPPRESSED$bDatabase
=TCO  \\$aCLA$bCLA$c008
=LAS  \\$aBATCH-UPD$b40$c20131021$lBLL01$h1141

