=LDR  03440 ai a2200697 a 4500
=001  007032279
=003  Uk
=005  20130516145051.0
=006  m\\\\\\\\e\\\\\\\\
=007  cr||||||||||||
=008  040316c199u9999xxuqr\d\s\\\\\0\\\a2eng\\
=FMT  \\$a  SE
=015  \\$aGBA335740$2bnb
=019  y\$abA335740
=019  9\$abA335740
=039  0\$a2785
=040  \\$aUk$cUk$dUk
=082  04$a016.30586872073$222
=245  00$aChicano database$h[electronic resource].
=246  1\$iTitle on search screen:$aChicanoDatabase
=260  \\$a[Dublin, Ohio] :$bOCLC
=310  \\$aUpdated quarterly
=336  \\$atext$2rdacontent
=337  \\$acomputer$2rdamedia
=338  \\$aonline resource$2rdacarrier
=500  \\$aPart of OCLC FirstSearch.
=500  \\$aTitle from database description screen (viewed Dec. 11, 2008).
=520  \\$aIdentifies, in one place, all types of material about Chicanos and provides uniform subject access. Incorporates the Spanish Speaking Mental Health Database, a comprehensive resource covering psychological, sociological, and educational literature. Also includes (1992 to the present) the broader Latino experience of Puerto Ricans, Cuban Americans, and Central American immigrants. Coverage is mainly from the 1960s to the present, with selective coverage back to the early 1900s.
=530  \\$aAlso issued in CD-ROM format.
=530  \\$aPortions of the Chicano Database are available in print format as: the Chicano Periodical Index, covering 1967-1988; the Chicano Index, covering 1989-1993; Arte Chicano : an Annotated Bibliography of Chicano Art, 1965-1981; the Chicano Anthology Index; the Chicana Studies Index : Twenty Years of Gender Research, 1981-1991; and Hispanic Mental Health Research : A Reference Guide, covering 1920-1980.
=550  \\$aIssued by the Research Libraries Group <1995-Sept. 30, 2007>.
=538  \\$aMode of access: World Wide Web.
=650  \0$aMexican Americans$vBibliography$vIndexes.
=650  \0$aHispanic Americans$vBibliography$vIndexes.
=650  \0$aPuerto Ricans$vBibliography$vIndexes.
=650  \0$aCuban Americans$vBibliography$vIndexes.
=710  2\$aResearch Libraries Group.
=710  2\$aOCLC.
=730  0\$aOCLC FirstSearch.
=710  2\$aUniversity of California, Berkeley.$bChicano Studies Library.
=856  40$uhttp://www.bl.uk/cgi-bin/eresources.pl?http://search.ebscohost.com/login.aspx?authtype=ip,athens&profile=ehost&defaultdb=chd
=856  40$uhttp://firstsearch.oclc.org$zFor subscribers only, requires account and password
=856  4\$uhttp://eureka.rlg.ac.uk$zNo longer links to resource as of Oct. 2007
=886  2\$2ukmarc$a910$b20$aRLG$xSee$aResearch Libraries Group$z710
=852  41$aBritish Library$bHMNTS$je-media
=CAT  \\$aCONV$b00$c20040425$lBLL90$h0531
=CAT  \\$aCONV$b00$c20040502$lBLL01$h1207
=CAT  \\$a3072$b40$c20081211$lBLL01$h1348
=CAT  \\$a3072$b40$c20081211$lBLL01$h1358
=CAT  \\$a3072$b40$c20081211$lBLL01$h1603
=CAT  \\$a3072$b40$c20081211$lBLL01$h1658
=CAT  \\$a3072$b40$c20081215$lBLL01$h1335
=CAT  \\$a11279$b40$c20130516$lBLL01$h1450
=CAT  \\$aBATCH-UPD$b40$c20131021$lBLL01$h1141
=CAT  \\$aWR14_140$c20140905$lBLL01$h1709
=FIN  \\$aY
=LEO  \\$aMP5.0000021849
=SRC  \\$aBNB03$bbibmp5.200404.2.aa
=STA  \\$aSUPPRESSED$bDatabase
=TCO  \\$aTRS$bCCC$c008
=LAS  \\$aWR14_140$b00$c20140905$lBLL01$h1709

