=LDR  03671 ai a2200901 a 4500
=001  007032715
=003  Uk
=005  20210419152842.0
=006  m\\\\\\\\e\\\\\\\\
=007  cr\mn|||||||||
=008  990301c18649999pauuu\dssi\\\\1\\\\2eng\c
=FMT  \\$a  SE
=010  \\$a2008251104
=015  \\$aGBA341551$2bnb
=019  0\$as686594002
=019  y\$abA341551
=019  9\$abA341551
=035  \\$a(OCoLC)40878908
=039  0\$a2767
=040  \\$aSMI$cSMI$dIUL$dOCLCQ$dUMC$dUk
=042  \\$aukblsr
=050  14$aZ7991$b.Z873
=082  04$a590.5$221
=130  0\$aZoological record (Online)
=245  10$aZoological record$h[electronic resource].
=246  1\$iAlso known as:$aZoological record online
=246  1\$iSome provider versions called also:$aZOORecord
=246  1\$iSome provider versions called also:$aZR plus
=260  \\$a[Philadelpha, PA] :$bThomson Scientific
=310  \\$aUpdated monthly
=336  \\$atext$2rdacontent
=337  \\$acomputer$2rdamedia
=338  \\$aonline resource$2rdacarrier
=500  \\$aTitle from menu screens on SilverPlatter's WebSPIRS interface, viewed Mar. 1, 1999.
=520  \\$aCovers all aspects of zoology. Indexes articles from over 5,000 serials each year, plus non-journal coverage, with 72,000 new records annually.
=538  \\$aMode of access: World Wide Web.
=550  \\$aIssued by the Zoological Society of London, 1978-<1994>
=550  \\$aDigitized content produced by BIOSIS, < Mar. 1, 1999->
=580  \\$aDigitized content from the equivalent print vols. to 1977 are available.
=650  \0$aZoology$vIndexes.
=650  \0$aZoology$xPeriodicals$vIndexes.
=710  2\$aZoological Society of London.
=710  2\$aBioSciences Information Service of Biological Abstracts.
=776  08$iAlso issued in print:$tZoological record$x0144-3607
=776  08$iAlso issued on CD-ROM as:$tZoological record on compact disc$x1072-1983
=856  40$uhttp://web5.silverplatter.com.webspirs/start$zFor subscribers only, requires username and password, follow links to resource; BL Reading Room access
=856  40$uhttp://webspirs.silverplatter.com/cgi-bin/waldo.cgi/ZO
=856  40$uhttp://www.ovid.com/site/catalog/DataBase/200.jsp
=856  40$uhttp://www.scientific.thomson.com/products/zr/
=852  41$aBritish Library$bSTI$je-media
=957  \\$a030606p
=985  \\$acurrent sub till Aug 2009 with Ovid; then Thomson Reuter; backfile rec on 014890558
=CAT  \\$aCONV$b00$c20040425$lBLL90$h0531
=CAT  \\$aCONV$b00$c20040502$lBLL01$h1207
=CAT  \\$a3072$b40$c20061103$lBLL01$h1545
=CAT  \\$a3072$b40$c20061103$lBLL01$h1551
=CAT  \\$a3072$b40$c20061103$lBLL01$h1622
=CAT  \\$a3072$b40$c20090128$lBLL01$h1707
=CAT  \\$a3072$b40$c20090128$lBLL01$h1709
=CAT  \\$a3072$b40$c20090209$lBLL01$h1158
=CAT  \\$a3072$b40$c20100426$lBLL01$h1644
=CAT  \\$a3072$b40$c20100426$lBLL01$h1649
=CAT  \\$aBATCH-UPD$b40$c20131021$lBLL01$h1142
=CAT  \\$aWR14_140$c20140905$lBLL01$h1710
=CAT  \\$a3072$b40$c20170104$lBLL01$h1606
=CAT  \\$a10806$b40$c20210419$lBLL01$h1528
=FIN  \\$aY
=LEO  \\$aMP25.0000364274
=LEO  \\$aMP5.0000022594
=LKR  \\$aPAR$b009563073$lBLL01$r776$mZoological record$nZoological record on compact disc
=LKR  \\$aPAR$b008210160$lBLL01$r776$mZoological record (Online)$nZoological record (Print)
=SID  \\$aZ39$bOCLC
=SRC  \\$aDSS03$bbibsr.200404.2.aa
=SRC  \\$aSRI01$bbibmp25.200404.2.aa
=SRC  \\$aBNB03$bbibmp5.200404.2.aa
=STA  \\$aSUPPRESSED$bDatabase
=TCO  \\$aTRS$bCCC$c008
=LAS  \\$a10806$b40$c20210419$lBLL01$h1528

