=LDR  02964 ai a2200745 a 4500
=001  005599194
=003  Uk
=005  20201124181251.0
=006  m\\\\\\\\d\|\\\\\\
=007  cr||||||||||||
=008  030926c199u9999enk|||d|s|bi\\0\\\a2mul\\
=FMT  \\$a  SE
=015  \\$aGBA341333$2bnb
=019  y\$abA341333
=019  9\$abA341333
=039  0\$a2761
=040  \\$aUk$cUk$dUk
=041  0\$aeng$afre$aspa
=082  04$a016.796$221
=130  0\$aSport discus (Online)
=245  10$aSport discus$h[electronic resource].
=246  3\$aHeraclès
=246  3\$aAtlantes
=246  3\$aCatalogue du Musée olympique
=260  \\$a[New York ;$aLondon (Merlin House, 20 Belmont Terrace, Chiswick, W4 5UG]) :$bOvid Technologies.
=336  \\$atext$2rdacontent
=337  \\$acomputer$2rdamedia
=338  \\$aonline resource$2rdacarrier
=500  \\$aProduced by: Sport Information Resource Centre.
=500  \\$aTitle from database selection screen (viewed on 5 June 2003)
=500  \\$aDescription based on: 1998-2003/5 release.
=505  0\$aIncludes the French language sports database: Heraclès, 1975-; and the Spanish language sports database: Atlantes, 1980-; and the French language database: Catalogue du Musée olympique, 1830-
=520  \\$aContains information on sports medicine, exercise physiology, biomechanics, training techniques, coaching, physical education, physical fitness, etc. Coverage: 1830-
=530  \\$aAlso available in CD-ROM format.
=538  \\$aMode of access: World Wide Web.
=546  \\$aIn English, French and Spanish.
=610  20$aMusée olympique (Lausanne, Switzerland)$vCatalogs$vPeriodicals.
=650  \0$aSports$vIndexes$vPeriodicals.
=650  \0$aPhysical education and training$vIndexes$vPeriodicals.
=650  \0$aPhysical fitness$vIndexes$vPeriodicals.
=650  \0$aSports medicine$vIndexes$vPeriodicals.
=710  2\$aCoaching Association of Canada.$bSport Information Resource Centre.
=710  2\$aOvid Technologies, Inc.
=856  40$uhttp://ovidsp.tx.ovid.com/$zOvidSP
=856  4\$uhttp://web5.silverplatter.com.webspirs/start
=852  41$aBritish Library$bSTI$je-media
=957  \\$a030605p
=985  \\$aRecord merged by DQ team
=985  \\$aUpgraded by BSS-generated file for WR2011-1473
=CAT  \\$aCONV$b00$c20040502$lBLL01$h1111
=CAT  \\$a6550$b40$c20051110$lBLL01$h0926
=CAT  \\$aBATCH-UPD$b40$c20080824$lBLL01$h2038
=CAT  \\$a3072$b40$c20120315$lBLL01$h1706
=CAT  \\$aBATCH-UPD$b40$c20131021$lBLL01$h1141
=CAT  \\$aWR14_140$c20140905$lBLL01$h1707
=CAT  \\$aW2011-1473$b00$c20201124$lBLL01$h1812
=FIN  \\$aY
=LEO  \\$aMP5.0000022572
=LEO  \\$aMP25.0000364265
=SRC  \\$aSRI01$bbibmp25.200404.2.aa
=SRC  \\$aDSS03$bbibsr.200404.2.aa
=SRC  \\$aBNB03$bbibmp5.200404.2.aa
=STA  \\$aSUPPRESSED$bDatabase
=TCO  \\$aCLA$bCLA$c008
=LAS  \\$aW2011-1473$b00$c20201124$lBLL01$h1812

