=LDR  02548 gi a2200601 a 4500
=001  015330401
=003  Uk
=005  20130516143538.0
=006  m\\\\\\\\c\\\\\\\\
=006  s\x\dss\\\\\0\\\\2
=007  vz\||||||
=007  cr\mna||||||||
=008  070202c20069999vau000\\\\\\\\o\\\v|eng\c
=035  \\$a(OCoLC)81252893$z(OCoLC)77550477
=040  \\$aCGU$cCGU$dCGU$dZCU$dMUQ$dCUS$dEXW$dTXA$dU9S$dUk
=042  \\$aukblsr
=050  \4$aPN6110.5
=082  04$a808.82$222
=245  00$aTheatre in video$h[electronic resource].
=260  \\$aAlexandria, Va. ;$aStevenage :$bAlexander Street Press,$cc2006-
=300  \\$astreaming video files :$bdigital, Adobe Flash files, sd., col.
=310  \\$aUpdated periodically by a new release
=500  \\$aTitle from resource home page (Alexander Street Press Web site, viewed Feb. 1, 2007).
=500  \\$aBrowsable by productions, documentaries, people, companies, genres, theatres, and dates.
=506  \\$aAccess limited to subscribers.
=520  \\$aTheatre in Video contains more than 100 performances of the world's leading plays, together with more than 60 film documentaries, online in streaming video - more than 250 hours in all. This service contains 162 titles, representing hundreds of leading playwrights, actors and directors.
=538  \\$aMode of access: World Wide Web.
=650  \0$aTheater$vDatabases.
=650  \0$aDrama$vCollections.
=650  \0$aTheater$xProduction and direction$xHistory$vDatabases.
=650  \0$aTheatrical producers and directors$vDatabases.
=650  \0$aTheater$xCasting$vDatabases.
=655  \0$aElectronic reference sources.
=710  2\$aAlexander Street Press.
=852  41$aBritish Library$bHMNTS$je-media
=856  40$uhttp://www.bl.uk/cgi-bin/eresources.pl?http://ativ.alexanderstreet.com
=856  40$uhttp://www.alexanderstreetpress.com/$zFor subscribers only
=CAT  \\$a10902$b40$c20090720$lBLL01$h1557
=CAT  \\$a3072$b40$c20090810$lBLL01$h1600
=CAT  \\$a3072$b40$c20121023$lBLL01$h1537
=CAT  \\$a3072$b40$c20121023$lBLL01$h1539
=CAT  \\$a3072$b40$c20121106$lBLL01$h1357
=CAT  \\$a3072$b40$c20121106$lBLL01$h1400
=CAT  \\$a11279$b40$c20130516$lBLL01$h1435
=CAT  \\$aBATCH-UPD$b40$c20131021$lBLL01$h1142
=CAT  \\$aWR14_140$c20140905$lBLL01$h1822
=CAT  \\$aWR14_185$c20160214$lBLL01$h1233
=FIN  \\$aY$d20121023
=FMT  \\$a  VM
=LAS  \\$aWR14_185$b00$c20160214$lBLL01$h1233
=SID  \\$aZ39$bOCLC
=STA  \\$aSUPPRESSED$bDatabase
=TCO  \\$aTRS$bCCC$c008

