=LDR  02713 ai a2200577 i 4500
=001  015876056
=003  Uk
=005  20130923145043.0
=006  m\\\\\\\\d\|\\\\\\
=007  cr||||||||||||
=008  110824c20uu9999xxu\x\d\o\\\\\0\\\a2eng\\
=040  \\$aUk$beng$cUk$erda
=042  \\$aukblsr
=082  04$a328.3650973$223
=245  00$aCongressional research digital collection, 2004-2011.
=246  3\$aCRDC
=246  1\$iAdvanced search selection screen:$aCongressional publications.$pCommittee Prints & Misc. Publications 2004-Present
=246  1\$iAdvanced search selection screen:$aCRS reports 2004-present
=246  1\$iAlso known as:$aCongressional research documents collection
=246  30$aCommittee prints and misc. publications
=246  30$aCommittee prints and miscellaneous publications
=264  \1$a[Ann Arbor, Michigan] :$bProquest
=310  \\$aUpdated as new information becomes available
=336  \\$atext$2rdacontent
=337  \\$acomputer$2rdamedia
=338  \\$aonline resource$2rdacarrier
=520  \\$aFull text of Congressional Research Service reports and Congressional Committee prints. CRS reports cover social policy, American law, foreign affairs, trade, defence, science and industry and US government and finance. A committee print can contain anything relevant to the legislative and oversight functions of Congress. They include research papers, compilations of laws, legislative descriptions and analyses and transcripts of mark up sessions.
=588  \\$aTitle from Proquest LibGuide (viewed January 9, 2013).
=610  10$aUnited States.$bCongress$vDatabases.
=610  10$aUnited States.$bCongress$xInformation services.
=650  \0$aLaw$zUnited States$vDatabases.
=650  \0$aLegislation$zUnited States$vDatabases.
=650  \0$aGovernment publications$zUnited States$vDatabases.
=710  2\$aProQuest (Firm)
=710  1\$aUnited States.$bCongress.
=740  02$aCommittee prints & miscellaneous publications.
=740  02$aCongressional Research Service reports.
=852  41$aBritish Library$bHMNTS$je-media
=856  40$uhttp://congressional.proquest.com/congressional$zFor subscribers only, requires user name and password
=856  42$uhttp://proquest.libguides.com/quick_start_crdc
=CAT  \\$a10902$b40$c20110824$lBLL01$h1435
=CAT  \\$a3072$b40$c20130110$lBLL01$h1633
=CAT  \\$a3072$b40$c20130114$lBLL01$h1031
=CAT  \\$a3072$b40$c20130114$lBLL01$h1221
=CAT  \\$a3072$b40$c20130923$lBLL01$h1450
=CAT  \\$aBATCH-UPD$b40$c20131021$lBLL01$h1141
=FIN  \\$aY$d20130923
=FMT  \\$a  SE
=LAS  \\$aBATCH-UPD$b40$c20131021$lBLL01$h1141
=STA  \\$aSUPPRESSED$bDatabase
=TCO  \\$aZZZ$c008

