=LDR  03123 ai a2200721 a 4500
=001  016041191
=003  Uk
=005  20120306164640.0
=006  m\\\\\\\\d\\\\\\\\
=007  cr\cn|||||||||
=008  950713c200u9999mauuu\dsooo\\\0\\\a2eng\c
=FMT  \\$a  SE
=010  \\$a2010238747
=022  \\$y0006-7326
=035  \\$a(OCoLC)66096051$z(OCoLC)62104730$z(OCoLC)456803700$z(OCoLC)639845612
=040  \\$aYUS$cYUS$dCMA$dSLV$dIUL$dCUS$dZCU$dUk
=042  \\$aukblsr
=050  \4$aZ1219$b.C953
=082  04$a028.1$223
=245  00$aBook review digest retrospective, 1908-1982 (H.W. Wilson)$h[electronic resource].
=247  10$aBook review digest retro$f<June 25, 2010>
=247  10$aBook review digest retrospective$f<2006>
=260  \\$aBronx, NY :$bH.W. Wilson Co.
=260  3\$32012-:$a[Ipswich, Mass.] :$bEBSCO
=336  \\$atext$2rdacontent
=337  \\$acomputer$2rdamedia
=338  \\$aonline resource$2rdacarrier
=362  1\$aBegan in 2006?
=500  \\$aTitle from advanced search screen (EBSCOhost, viewed Jan. 23, 2012).
=520  \\$aReflecting nearly eight decades (1908-1982) of H.W. Wilson's Book Review Digest, this retrospective database provides excerpts from and citations to reviews of adult and juvenile fiction and non-fiction.
=540  \\$aBritish Library not licensed to copy$c0$5Uk
=650  \0$aBooks$vReviews$vAbstracts$vDatabases.
=650  \0$aBooks$vReviews$vDatabases.
=655  \0$aElectronic reference sources.
=655  \0$aOnline databases.
=710  2\$aH.W. Wilson Company.
=787  0\$tBook review digest plus
=787  0\$tBook review digest$x0006-7326
=787  0\$tBook review digest (CD-ROM)$x1076-7045
=856  40$uhttp://search.ebscohost.com
=856  4\$uhttp://vnweb.hwwilsonweb.com/hww/jumpstart.jhtml?prod=BRDR$zNo longer valid as of: 02/01/2012.
=852  41$aBritish Library$bHMNTS$je-media
=CAT  \\$a10902$b40$c20120301$lBLL01$h1445
=CAT  \\$a3072$b40$c20120305$lBLL01$h1639
=CAT  \\$a3072$b40$c20120305$lBLL01$h1642
=CAT  \\$a3072$b40$c20120306$lBLL01$h1646
=CAT  \\$aBATCH-CLA$b00$c20120531$lBLL01$h1726
=CAT  \\$aIPL-CLA$c20120629$lBLL01$h1042
=CAT  \\$aBATCH-CLA$b00$c20120831$lBLL01$h1555
=CAT  \\$aIPL-CLA$c20120930$lBLL01$h2138
=CAT  \\$aWR12_128$c20121113$lBLL01$h1838
=CAT  \\$aBATCH-UPD$b00$c20131021$lBLL01$h1141
=CAT  \\$aBATCH-CLA$b00$c20131129$lBLL01$h1705
=CAT  \\$aIPL-CLA$c20140101$lBLL01$h0157
=CFI  0\$aBritish Library not licensed to copy$c0$e01-jan-2014$hC$iCFP Excluded$5Uk
=CFI  2\$aBritish Library not licensed to copy$c0$e01-oct-2012$hC$iCFP Excluded$5Uk
=FIN  \\$aY$d20120305
=LKR  \\$aPAR$b011106269$lBLL01$r787$mBook review digest retrospective, 1908-1982 (H.W. Wilson)$nBook review digest
=LKR  \\$aPAR$b007691342$lBLL01$r787$mBook review digest retrospective, 1908-1982 (H.W. Wilson)$nBook review digest plus
=SID  \\$aZ39$bOCLC
=STA  \\$aSUPPRESSED$bDatabase
=ACF  \\$aBritish Library not licensed to copy$c0$e01-jul-2012$hC$iCLA Excluded$5Uk
=LAS  \\$aIPL-CLA$b00$c20140101$lBLL01$h0157

