=LDR  03057 ai a2200649 a 4500
=001  014508891
=003  Uk
=005  20130114123738.0
=006  m\\\\\\\\d\|\\\\\\
=007  cr||||||||||||
=008  080130c199u9999xxuuu\d\s\\\\o0\\\a2eng\\
=FMT  \\$a  SE
=040  \\$aUk$beng$cUk$dUk
=042  \\$aukblsr
=082  04$a328.3450973$222
=245  00$aCongressional hearings digital collection, 1824-1979$h[electronic resource].
=246  1\$iAdvanced search selection screen:$aCongressional publications.$pHearings, 1824-1979
=246  13$aLexisNexis congressional hearings digital collection$f<June 19, 2008>
=246  13$aLexisNexis congressional publications.$pHearings$f<June 19, 2008>
=246  3\$aCHDC
=260  \\$aBethesda, MD :$bLexisNexis Academic & Library Solutions
=264  31$3<September 2012>:$a[Ann Arbor, Michigan] :$bProquest
=336  \\$atext$2rdacontent
=337  \\$acomputer$2rdamedia
=338  \\$aonline resource$2rdacarrier
=538  \\$aMode of access: World Wide Web.
=520  \\$aA hearing is a meeting or session of a Senate, House, joint, or special committee of Congress, usually open to the public, to obtain information and opinions on proposed legislation, conduct an investigation, or evaluate/oversee the activities of a government department or the implementation of a Federal law. In addition, hearings may also be purely exploratory in nature, providing testimony and data about topics of current interest. This collection includes the full text of published and unpublished hearings from 1824 to 1979.
=588  \\$aTitle from Proquest LibGuide (viewed January 9, 2013).
=650  \0$aLegislative hearings$zUnited States$vDatabases.
=610  10$aUnited States.$bCongress$vDatabases.
=710  2\$aLexisNexis Academic & Library Solutions.
=710  2\$aProQuest (Firm)
=710  1\$aUnited States.$bCongress.
=856  40$uhttp://congressional.proquest.com/congressional$zFor subscribers only, requires user name and password
=856  4\$uhttps://web.lexis-nexis.com/congcomp
=852  41$aBritish Library$bHMNTS$je-media
=CAT  \\$a6524$b40$c20080130$lBLL01$h0746
=CAT  \\$a6524$b40$c20080130$lBLL01$h0831
=CAT  \\$a3072$b40$c20080619$lBLL01$h1418
=CAT  \\$a3072$b40$c20080619$lBLL01$h1420
=CAT  \\$a3072$b40$c20080619$lBLL01$h1421
=CAT  \\$a3072$b40$c20080619$lBLL01$h1425
=CAT  \\$a3072$b40$c20080619$lBLL01$h1433
=CAT  \\$a3072$b40$c20080619$lBLL01$h1547
=CAT  \\$a3072$b40$c20130110$lBLL01$h1150
=CAT  \\$a3072$b40$c20130110$lBLL01$h1154
=CAT  \\$a3072$b40$c20130110$lBLL01$h1638
=CAT  \\$a3072$b40$c20130114$lBLL01$h1031
=CAT  \\$a3072$b40$c20130114$lBLL01$h1041
=CAT  \\$a3072$b40$c20130114$lBLL01$h1221
=CAT  \\$a3072$b40$c20130114$lBLL01$h1237
=CAT  \\$aBATCH-UPD$b40$c20131021$lBLL01$h1141
=CAT  \\$aBATCH-UPD$b40$c20151202$lBLL01$h0340
=FIN  \\$aY$d20080619
=STA  \\$aSUPPRESSED$bDatabase
=TCO  \\$aTRS$bCCC$c008
=LAS  \\$aBATCH-UPD$b40$c20151202$lBLL01$h0340

