=LDR  03410 ai a2200685 a 4500
=001  014854609
=003  Uk
=005  20090119143905.0
=006  m\\\\\\\\d\|\\\\\\
=007  cr\|||||||||||
=008  010622c19929999ohu\x\d\s\\\\\0\\\b2eng\\
=FMT  \\$a  SE
=245  00$aOCLC FirstSearch [Eureka]$h[electronic resource].
=246  30$aFirstSearch
=246  3\$aOCLC First search
=246  1\$iFormerly known as:$aEureka electronic resource
=246  1\$iAlso known as:$aEureka FirstSearch
=246  1\$iAlso known as:$aEureka First Search
=260  \\$a[Dublin, Ohio] :$bOCLC
=336  \\$atext$2rdacontent
=337  \\$acomputer$2rdamedia
=338  \\$aonline resource$2rdacarrier
=500  \\$aN.B. this record constructed for internal use/information only; do not add {dollar}j to holding or FIN field.
=500  \\$aFrom Oct. 2007 OCLC FirstSearch includes online access to former RLG Eureka databases, which are invoiced on this record but catalogued separately. Library subscribes to the following (as of Dec. 12, 2008): Anthropology plus; Chicano database; FRANCIS; History of science, technology and medicine; Index to 19-century American art periodicals; Russian Academy of Sciences bibliographies; Hand press book database; SCIPIO.
=500  \\$aExisting OCLC FirstSearch products: WorldCat, and Archive Grid are invoiced separately under existing arrangements (& catalogued separately); the OCLC agreement also includes services/products for internal use: WorldCat (Cataloguing) - CURL agreement, WorldCat Resource sharing, WebDewey subscriptions 1 & 2 and RLG partner dues - details in email from Andrew Evans 4/2/2008 - these are also dealt with under existing arrangements.
=520  \\$aProvides online access to an extensive collection of general and specialized databases covering a wide range of subject areas.
=650  \0$aReference services (Libraries)
=650  \0$aPeriodicals$vIndexes$vDatabases.
=650  \0$aPeriodicals$vBibliography$vUnion lists$vDatabases.
=650  \4$aEjournals -- UML.
=710  2\$aOCLC.
=730  0\$aAnthropology plus
=730  0\$aChicano database
=730  0\$aFRANCIS
=730  0\$aHistory of science, technology and medicine
=730  0\$aIndex to 19th-century American art periodicals
=730  0\$aRussian Academy of Sciences bibliographies
=730  0\$aHand press book
=730  0\$aSCIPIO.
=730  0\$aWorldCat.
=730  0\$aArchiveGrid
=780  15$tRLG's Eureka [databases]
=856  4\$uhttp://www.oclc.org/oclc/menu/fs.htm$qtext/html; charset=iso-8859-1
=856  40$uhttp://firstsearch.oclc.org/dbname=EthnicNews;FSIP;done=http://www/library/wmich.edu/
=852  41$aBritish Library$bHMNTS$je-media
=CAT  \\$a3072$b40$c20081211$lBLL01$h1325
=CAT  \\$a3072$b40$c20081211$lBLL01$h1333
=CAT  \\$a3072$b40$c20081212$lBLL01$h0924
=CAT  \\$a3072$b40$c20081212$lBLL01$h1132
=CAT  \\$a3072$b40$c20081212$lBLL01$h1138
=CAT  \\$a3072$b40$c20081212$lBLL01$h1220
=CAT  \\$a3072$b40$c20081215$lBLL01$h1615
=CAT  \\$a6550$b40$c20090119$lBLL01$h1439
=CAT  \\$aBATCH-UPD$b40$c20110525$lBLL01$h1356
=CAT  \\$aBATCH-UPD$b40$c20131021$lBLL01$h1141
=CAT  \\$aBATCH-UPD$b40$c20141104$lBLL01$h2018
=CAT  \\$aBATCH-UPD$b40$c20170220$lBLL01$h0953
=STA  \\$aSUPPRESSED$bDatabase
=TCO  \\$aTRS$bCCC$c008
=LAS  \\$aBATCH-UPD$b40$c20170220$lBLL01$h0953

