=LDR  03160cai a2200649 i 4500
=001  020842473
=003  Uk
=005  20230223173218.0
=006  m\\\\\o\\d\\\\\\\\
=007  cr\m||||||||||
=008  080617c200u9999fluuu\d\o\\\\\0\\\a2eng\c
=FMT  \\$a  SE
=010  \\$a  2010239095
=035  \\$a(OCoLC)232153475$z(OCoLC)226293891
=040  \\$aJNA$beng$cJNA$dZCU$dTXF$dUBY$dIUL$dOCLCQ$dIUL$dOCLCF$dOCLCO$dOCLCQ$dOCLCO$dIUL$dCTL$dOCL$dGZM$dCUS$dUk
=041  0\$aspa$aeng
=042  \\$aukblsr
=043  \\$an-us---
=050  \4$aPN4888.H57
=245  00$aHispanic American newspapers, 1808-1980.
=246  1\$iAdditional title:$aAmerica's historical newspapers.$pHispanic American newspapers, 1808-1980
=246  1\$iAlso known as:$aNewsbank Hispanic American Newspapers
=264  \1$a[Naples, Fla.] :$bReadex, a division of NewsBank
=300  \\$a1 online resource
=336  \\$atext$btxt$2rdacontent
=337  \\$acomputer$bc$2rdamedia
=338  \\$aonline resource$bcr$2rdacarrier
=588  \\$aTitle from home page (viewed 30 Sep 2018).
=520  \\$aHispanic American Newspapers, 1808-1980 represents the single largest compilation of Spanish-language newspapers printed in the U.S. during the 19th and 20th centuries. The distinctive collection features hundreds of Hispanic American newspapers, including many long scattered and forgotten titles published in the 19th century. Based on the "Recovering the U.S. Hispanic Literary Heritage Project," a national research effort directed by Professor Nicolás Kanellos, this digital resource is the first in a new American Ethnic Newspapers series, available within America's Historical Newspapers.
=546  \\$aSearch interface in English; newspapers in Spanish and English.
=650  \0$aHispanic Americans$vNewspapers.
=651  \0$aUnited States$vNewspapers.
=650  \0$aHispanic American newspapers$vDatabases.
=650  \0$aNewspapers$vDatabases.
=650  \7$aHispanic American newspapers.$2fast$0(OCoLC)fst00957428
=650  \7$aHispanic Americans.$2fast$0(OCoLC)fst00957523
=650  \7$aNewspapers.$2fast$0(OCoLC)fst01037111
=651  \7$aUnited States.$2fast$0(OCoLC)fst01204155
=655  \7$aDatabases.$2fast$0(OCoLC)fst01411643
=655  \7$aNewspapers.$2fast$0(OCoLC)fst01423814
=655  \7$aReference works.$2fast$0(OCoLC)fst01919963
=655  \7$aSources.$2fast$0(OCoLC)fst01423900
=710  2\$aReadex (Firm),$eissuing body.
=773  0\$tAmerica's historical newspapers.$dChester, Vt. : Readex
=830  \0$aArchive of Americana.
=856  40$uhttps://infoweb.newsbank.com/?db=EANX&d_collections=EANASP
=856  40$uhttps://www.newsbank.com/readex/product.cfm?product=249$zConnect to title (Online)
=852  \\$aBritish Library$bHMNTS$je-media
=985  \\$aUpdated by MS generated file for WR2302-017
=CAT  \\$a3072$b40$c20221220$lBLL01$h1619
=CAT  \\$a8055$b40$c20230111$lBLL01$h1155
=CAT  \\$a3072$b40$c20230208$lBLL01$h1245
=CAT  \\$aW2302-0174$c20230223$lBLL01$h2104
=FIN  \\$aY$d20221220
=SID  \\$aZ39$bOCLC
=STA  \\$aSUPPRESSED$bDatabase
=LAS  \\$aW2302-0174$b00$c20230223$lBLL01$h2104

