=LDR  03241cai a2200685 a 4500
=001  020846255
=003  Uk
=005  20221221120146.0
=006  m\\\\\o\\d\\\\\\\\
=007  cr\cn|||||||||
=008  130108c20099999fluuu\d\o\\\\\0\\\a2mul\d
=FMT  \\$a  SE
=035  \\$a(OCoLC)823651568
=040  \\$aTFW$beng$cTFW$dIUL$dOCLCF$dOCLCO$dOCL$dOCLCQ$dOCL$dOCLCO$dUk
=041  0\$amul$afre$ager$ahun$apol$arum$arus
=043  \\$acl-----
=050  \4$aDJK1
=245  00$aEastern European newspapers, 1841-1927.
=246  13$aWorld newspaper archive.$pEast European newspapers
=246  13$aWorld newspaper archive.$pEastern European newspapers
=246  13$aWNA.$pEastern Europe newspapers
=247  10$aEast European newspapers :$bfrom the World newspaper archive in partnership with the Center for Research Libraries
=260  \\$a[Naples, Fla.] :$bReadex.
=336  \\$atext$btxt$2rdacontent
=337  \\$acomputer$bc$2rdamedia
=338  \\$aonline resource$bcr$2rdacarrier
=362  1\$aBegan in 2009?
=500  \\$aPublished by Readex in partnership with the Center for Research Libraries.
=520  \\$aPart of Readex's World Newspaper Archive. This collection provides online access to a select group of East European newspapers published in the 19th and 20th centuries. Publications from Poland, Hungary and Romania.
=546  \\$aFrench, German, Hungarian, Polish, Romanian, and Russian.
=500  \\$aTitle from search screen (publisher's Web site, viewed Jan. 8, 2013).
=650  \0$aEast European newspapers$vDatabases.
=651  \0$aEurope, Eastern$vNewspapers.
=651  \0$aEurope, Eastern$xHistory$y19th century$vSources.
=651  \0$aEurope, Eastern$xHistory$y20th century$vSources.
=651  \0$aEurope, Eastern$xPolitics and government$vSources.
=650  \6$aJournaux est-européens$vBases de données.
=651  \6$aEurope de l'Est$vJournaux.
=651  \6$aEurope de l'Est$xHistoire$y19e siècle$vSources.
=651  \6$aEurope de l'Est$xHistoire$y20e siècle$vSources.
=651  \6$aEurope de l'Est$xPolitique et gouvernement$vSources.
=650  \7$aEast European newspapers.$2fast$0(OCoLC)fst00901023
=650  \7$aPolitics and government.$2fast$0(OCoLC)fst01919741
=651  \7$aEastern Europe.$2fast$0(OCoLC)fst01245079
=648  \7$a1800-1999$2fast
=655  \7$aDatabases.$2fast$0(OCoLC)fst01411643
=655  \7$aHistory.$2fast$0(OCoLC)fst01411628
=655  \7$aNewspapers.$2fast$0(OCoLC)fst01423814
=655  \7$aSources.$2fast$0(OCoLC)fst01423900
=710  2\$aReadex (Firm)
=710  2\$aCenter for Research Libraries (U.S.)
=856  40$uhttp://infoweb.newsbank.com/iw-search/we/HistArchive?p_product=WHNPX&p_action=publications&p_theme=ahnp&p_nbid=C49G42IAMTM1NzY3NTU1Ni45NTA5NTI6MToxMzoxMzAuNjQuMzYuMjMz&p_clear_search=yes&d_refprod=WHNPX&s_category=none&d_collections=WHNPEEN1
=856  4\$uhttps://www.readex.com/products/eastern-european-newspapers-1841-1927$zTo subscrib
=852  \\$aBritish Library$bHMNTS$je-media
=CAT  \\$a3072$b40$c20221221$lBLL01$h1155
=CAT  \\$a3072$b40$c20221221$lBLL01$h1201
=FIN  \\$aY$d20221221
=SID  \\$aZ39$bOCLC
=STA  \\$aSUPPRESSED$bDatabase
=LAS  \\$a3072$b40$c20221221$lBLL01$h1201

