=LDR  02640cas a2200613 a 4500
=001  021014095
=003  Uk
=005  20230412135841.0
=006  m\\\\\\\\d\|\\\\\\
=007  cr\cn|||||||||
=008  021125c20029999njumr\pso\\\\\0\\\a0eng\d
=FMT  \\$a  SE
=022  \\$y1061-3609
=035  \\$a(OCoLC)51063114$z(OCoLC)1232096395
=040  \\$aOUN$beng$cOUN$dOCLCQ$dOCLCF$dOCLCO$dOCLCQ$dCNMHC$dOCLCO$dOCLCQ$dUk
=042  \\$aukblsr
=050  \4$aZ671$b.I54 Electronic resource
=082  04$a020.5$223
=245  04$aThe informed librarian online.
=246  3\$aILO
=260  \\$aTeaneck, N.J. :$bInfosources Pub.,$c2002-
=310  \\$aMonthly
=336  \\$atext$btxt$2rdacontent
=337  \\$acomputer$bc$2rdamedia
=338  \\$aonline resource$2rdacarrier
=362  0\$aVol. 1, no. 1 (Aug. 2002)-
=500  \\$a"Professional reading for the information professional".
=520  \\$a"The informed librarian is a monthly compilation of the most recent tables of contents from over 190 valuable domestic and foreign library and information-related journals, e-journals, magazines, e-magazines, newsletters ande-newsletters"--Publisher's description.
=530  \\$aAlso issued in print as: Informed librarian.
=538  \\$aMode of access: received via e-mail (text or HTML format).
=588  0\$aPublisher's description and vol. 1, no. 3 (plain text e-mail format).
=650  \0$aLibraries$vPeriodicals.
=650  \0$aLibrary science$vPeriodicals.
=650  \6$aBibliothèques$vPériodiques.
=650  \6$aBibliothéconomie$vPériodiques.
=650  \7$aLibraries.$2fast$0(OCoLC)fst00997341
=650  \7$aLibrary science.$2fast$0(OCoLC)fst00997916
=655  \7$aPeriodicals.$2fast$0(OCoLC)fst01411641
=655  \7$aPeriodicals.$2lcgft
=776  1\$tInformed librarian$x1061-3609
=856  4\$uhttp://www.infosourcespub.com/book4.cfm$zConnect to: Informed librarian (Online) PUBLISHER'S DESCRIPTION
=856  4\$uhttp://www.infosourcespub.com/ilofreesubscribe.cfm$zConnect to: Informed librarian (Online) FREE SUBSCRIPTION FORM
=856  4\$uhttps://www.informedlibrarian.com/index.cfm
=852  \\$aBritish Library$bHMNTS$je-media
=985  \\$a12/4/2023 - Not on Findit yet, so couldn't access latest issue on website for LIC.
=CAT  \\$a8055$b40$c20230404$lBLL01$h1243
=CAT  \\$a8055$b40$c20230404$lBLL01$h1253
=CAT  \\$a3072$b40$c20230412$lBLL01$h1353
=CAT  \\$a3072$b40$c20230412$lBLL01$h1358
=CAT  \\$a3072$b40$c20230412$lBLL01$h1358
=FIN  \\$aY$d20230412
=SID  \\$aZ39$bOCLC
=STA  \\$aSUPPRESSED$bDatabase
=LAS  \\$a3072$b40$c20230412$lBLL01$h1358

