=LDR  03400cai a2200673 i 4500
=001  021236879
=003  Uk
=005  20231004134929.0
=006  m\\\\\o\\d\f\\\\\\
=007  cr\bn|||||||||
=008  990615c20089999miuuu\doo\h\\\0\\\a2eng\c
=FMT  \\$a  SE
=010  \\$a  2018227503
=035  \\$a(OCoLC)800990415$z(OCoLC)237098546$z(OCoLC)757388619$z(OCoLC)830929131$z(OCoLC)950518743$z(OCoLC)960851712
=040  \\$aLGG$beng$cLGG$dOCLCF$dOCLCO$dOSU$dOCLCQ$dNDD$dZCU$dCOO$dIOG$dQGK$dFIE$dYOU$dLEAUB$dOCLCO$dUk$erda
=042  \\$aukblsr
=043  \\$ae-uk---
=050  \4$aDA566.7
=082  04$a327.41$223
=245  00$aDocuments on British policy overseas.
=246  3\$aDBPO
=247  10$aDocuments on British policy overseas :$bdiplomacy in the 20th century$f<July 31, 2008>
=264  \1$3<2008-2017>$aAnn Arbor, MI :$bChadwyck-Healey
=264  31$3<2017->$aAnn Arbor, Michigan :$bProQuest
=300  \\$a1 online resource
=336  \\$atext$btxt$2rdacontent
=337  \\$acomputer$bc$2rdamedia
=338  \\$aonline resource$bcr$2rdacarrier
=362  1\$aBegan in 2008.
=500  \\$aProduced in collaboration between ProQuest and the Foreign and Commonwealth Office.
=506  1\$aAccess restricted to subscribing institutions.
=520  \\$aA fully searchable collection of primary source documents from Britain's Foreign and Commonwealth Office, shedding light on diplomatic history throughout the twentieth century. It is based on three distinct print series which form a record of British peacetime diplomacy since the end of the nineteenth century: British Documents on the Origins of the War 1898-1914, Documents on British Foreign Policy 1918-1939 and Documents on British Policy Overseas 1946-present. Documents are selected and edited by the official historians of the FCO, with many documents specifically declassified for inclusion.
=588  \\$aDescription based on contents viewed on October 4, 2023; title from home page.
=651  \0$aGreat Britain$xForeign relations$vSources$vDatabases.
=650  \7$aDiplomatic relations.$2fast$0(OCoLC)fst01907412
=651  \7$aGreat Britain.$2fast$0(OCoLC)fst01204623
=650  \7$aE-Books & E-Texts (EUI databases).$2eui
=650  \7$aDiplomatic documents of Great Britain.$2eui
=650  \7$aPolitical Science (EUI databases).$2eui
=650  \7$aOfficial Publications & Government Documents (EUI databases).$2eui
=650  \7$aGreat Britain (EUI databases).$2eui
=655  \7$aDatabases.$2fast$0(OCoLC)fst01411643
=655  \7$aSources.$2fast$0(OCoLC)fst01423900
=710  1\$aGreat Britain.$bForeign and Commonwealth Office,$eissuing body.
=710  2\$aProQuest (Firm),$eissuing body.
=710  2\$aChadwyck-Healey, Inc.,$eissuing body.
=740  02$aBritish documents on the origins of the war 1898-1914.
=740  02$aDocuments on British foreign policy, 1919-1939.
=740  02$aDocuments on British policy overseas, 1946-present.
=856  40$uhttps://search.proquest.com/dbpo
=856  4\$uhttp://dbpo.chadwyck.com$zLink redirects as of March 26, 2018:
=856  42$uhttps://proquest.libguides.com/dbpo
=852  \\$aBritish Library$bHMNTS$je-media
=CAT  \\$a3072$b40$c20231004$lBLL01$h1348
=CAT  \\$a3072$b40$c20231004$lBLL01$h1349
=FIN  \\$aY$d20231004
=SID  \\$aZ39$bOCLC
=STA  \\$aSUPPRESSED$bDatabase
=LAS  \\$a3072$b40$c20231004$lBLL01$h1349

