=LDR  03372cai a2200625 i 4500
=001  021236949
=003  Uk
=005  20231004170625.0
=006  m\\\\\o\\d\\\\\\\\
=007  cr||||||||||||
=008  071211c200u9999miuuu\neo\\\\\0\\\a2eng\d
=FMT  \\$a  SE
=035  \\$a(OCoLC)183309686
=040  \\$aEXW$beng$cEXW$dEXW$dOCLCQ$dOCLCF$dOCLCO$dOCLCQ$dMBB$dEXW$dOCLCA$dGZM$dIUL$dOCLCO$dOCLCQ$dCUS$dWAU$dOCLCO$erda
=042  \\$aukblsr
=043  \\$an-us-il
=082  04$a073.7311$223
=245  00$aProQuest historical newspapers.$pChicago defender.
=246  1\$iAlso known as:$aHistorical Chicago defender
=246  13$aNews -- the historical Chicago defender
=246  3\$aChicago defender historical
=264  \1$a[Ann Arbor, Michigan] :$bProQuest LLC
=300  \\$a1 online resource
=336  \\$atext$btxt$2rdacontent
=337  \\$acomputer$bc$2rdamedia
=338  \\$aonline resource$bcr$2rdacarrier
=500  \\$aCoverage 1909-2010.
=588  0\$aContents viewed May 7, 2023; title from advanced search screen.
=520  \\$aThis newspaper, founded in 1905, provides first-hand accounts and coverage of the politics, society and events of the time from an African-American perspective. This database provides full page and article images with searchable full text from Chicago daily defender (Big weekend edition) (1966-1973), Chicago daily defender (Daily edition) (1960-1973), The Chicago defender (Big weekend edition) (1905-1966), Chicago defender (Big weekend edition) (1973-1975), Chicago defender (Daily edition) (1973-2010), The Chicago defender (National edition) (1921-1967), Daily defender (Daily edition) (1956-1960), Weekend Chicago defender (1980-2008).
=650  \0$aAfrican Americans$zIllinois$zChicago$vNewspapers.
=651  \0$aChicago (Ill.)$vNewspapers.
=651  \0$aCook County (Ill.)$vNewspapers.
=650  \6$aNoirs américains$zIllinois$zChicago$vJournaux.
=651  \7$aIllinois$zChicago.$2fast$0(OCoLC)fst01204048
=651  \7$aIllinois$zCook County.$2fast$0(OCoLC)fst01205334
=650  \7$aAfrican Americans.$2fast$0(OCoLC)fst00799558
=655  \7$anewspapers.$2aat
=655  \7$aNewspapers.$2fast$0(OCoLC)fst01423814
=655  \7$aDatabases.$2fast$0(OCoLC)fst01411643
=650  \7$aHistory$xSources.$2fast$0(OCoLC)fst00958295
=710  2\$aProQuest (Firm),$eissuing body.
=752  \\$aUnited States$bIllinois$cCook$dChicago.
=773  08$iContained in (work):$tProQuest historical newspapers.$d[Ann Arbor, Mich.] : UMI
=773  08$iContained in (work):$tProQuest historical newspapers. Black newspapers.$d[Ann Arbor, Mich.] : ProQuest LLC
=856  40$uhttps://search.proquest.com/hnpchicagodefender1/publicationbrowse/Main/false
=856  40$uhttp://search.proquest.com/hnpchicagodefender/advanced$zFull page and article images with searchable full text ; coverage 1909-1975
=856  40$uhttps://search.proquest.com/hnpchicagodefender
=852  \\$aBritish Library$bDSC$je-media
=985  \\$aResource not available October 4, 2023; product info viewed at https://about.proquest.com/en/products-services/pq-hist-news/. 588 viewed info left as is GC 4/10/23.
=CAT  \\$a3072$b40$c20231004$lBLL01$h1702
=CAT  \\$a3072$b40$c20231004$lBLL01$h1706
=FIN  \\$aY$d20231004
=SID  \\$aZ39$bOCLC
=STA  \\$aSUPPRESSED$bDatabase
=LAS  \\$a3072$b40$c20231004$lBLL01$h1706

