=LDR  06955cai a2201249 i 4500
=001  021021750
=003  Uk
=005  20230720140858.0
=006  m\\\\\o\\d\\\\\\\\
=007  cr\cnu||||||||
=008  051206c20059999miuuu\dso\i\\\0\\\a2eng\d
=FMT  \\$a  SE
=035  \\$a(OCoLC)62555211
=040  \\$aYUS$beng$cYUS$dDVP$dIUL$dCGU$dVPI$dUAB$dDEBBG$dGWDNB$dCBT$dOCLCQ$dCDN$dOCLCO$dIUL$dOCLCO$dOCLCF$dOCLCO$dCOD$dOCLCO$dOCL$dRCE$dOCLCQ$dNJR$dCUS$dOCLCO$dLUU$dGZM$dUk$erda
=042  \\$aukblsr
=043  \\$ae-uk---$an-us---
=050  \4$aAP4
=082  04$a011.221$223
=084  \\$a900$a400$a320$a300$a680$2zdbs
=245  00$aC19 :$bthe nineteenth century index.
=246  3\$aC19, the nineteenth century index
=246  30$aNineteenth century index
=246  3\$a19th century index
=246  3\$aCentury 19
=246  1\$aC19 index
=264  \1$a[Ann Arbor, Mich.] :$bProQuest information and Learning Co.,$c[2005-]
=300  \\$a1 online resource
=336  \\$atext$btxt$2rdacontent
=337  \\$acomputer$bc$2rdamedia
=338  \\$aonline resource$bcr$2rdacarrier
=362  1\$aBegan in 2005?
=500  \\$aIncorporates Chadwyck-Healey and ProQuest databases.
=505  0\$aAmerican periodicals from the Center for Research Libraries (APCRL) -- American periodicals series online (APS) -- Archive finder -- The bookman directory of booksellers, publishers and authors -- British periodicals -- Dictionary of nineteenth-century journalism -- House of Commons Parliamentary papers -- The cumulative index to Niles' register -- The nineteenth century -- Nineteenth-century short title catalogue (NSTC) -- Palmer's index to the Times -- Palmer's full text online, 1790-1905 --Periodicals index online -- Poole's index to periodical literature -- Proceedings of the Old Bailey -- Stead's index to periodical literature -- The Wellesley index to Victorian periodicals, 1824-1900 -- United States Congressional serial set -- Nineteenth century microfiche project.
=506  \\$aAccess restricted to subscribing institutions.
=520  \\$aC19 Index is a dynamic and growing resource, currently containing over 24 million bibliographic records for a full range of 19th century source material and provides integrated access to the most important finding aids for books, periodicals, official publications, newspapers and archives.
=588  \\$aDescription based on contents viewed on April 12, 2023; title from home page.
=650  \0$aBritish periodicals$vIndexes.
=650  \0$aAmerican periodicals$vIndexes.
=651  \0$aGreat Britain$xCivilization$y19th century$vIndexes.
=651  \0$aUnited States$xCivilization$y19th century$vIndexes.
=651  \0$aGreat Britain$xHistory$y19th century$vSources$vIndexes.
=651  \0$aUnited States$xHistory$y19th century$vSources$vIndexes.
=650  \0$aPrinting$xHistory$xSources$vIndexes.
=651  \0$aGreat Britain$xPolitics and government$y19th century$vSources.
=651  \0$aGreat Britain$vImprints$y19th century.
=651  \0$aUnited States$vImprints$y19th century.
=650  \6$aIndustries graphiques$xHistoire$vSources$vIndex.
=651  \6$aGrande-Bretagne$xCivilisation$y19e siècle$vIndex.
=651  \6$aÉtats-Unis$xCivilisation$y19e siècle$vIndex.
=651  \6$aGreat Britain$xHistoire$y19e siècle$vSources$vIndex.
=651  \6$aÉtats-Unis$xCivilisation$y19e siècle$vSources$vIndex.
=650  \6$aPériodiques britanniques$vIndex.
=650  \6$aPériodiques américains$vIndex.
=651  \6$aGrande-Bretagne$xHistoire$y19e siècle$vSources$vIndex.
=651  \6$aÉtats-Unis$xHistoire$y19e siècle$vSources$vIndex.
=650  \6$aImprimerie$xHistoire$xSources$vIndex.
=651  \6$aGrande-Bretagne$xPolitique et gouvernement$y19e siècle$vSources.
=650  \7$aAmerican periodicals.$2fast$0(OCoLC)fst00807335
=650  \7$aBritish periodicals.$2fast$0(OCoLC)fst00839094
=650  \7$aCivilization.$2fast$0(OCoLC)fst00862898
=650  \7$aPolitics and government.$2fast$0(OCoLC)fst01919741
=650  \7$aPrinting$xSources.$2fast$0(OCoLC)fst01076667
=651  \7$aGreat Britain.$2fast$0(OCoLC)fst01204623
=651  \7$aUnited States.$2fast$0(OCoLC)fst01204155
=648  \7$a1800-1899$2fast
=655  \0$aOnline databases.
=655  \4$aOnline databases.
=655  \7$adatabases.$2aat
=655  \7$aDatabases.$2fast$0(OCoLC)fst01411643
=655  \7$aHistory.$2fast$0(OCoLC)fst01411628
=655  \7$aIndexes.$2fast$0(OCoLC)fst01423761
=655  \7$aSources.$2fast$0(OCoLC)fst01423900
=655  \7$aDatabases.$2lcgft
=655  \7$aBases de données.$2rvmgf
=710  2\$aChadwyck-Healey Ltd.,$eissuing body.
=710  2\$aProQuest Information and Learning Company,$eissuing body.
=710  2\$aProQuest (Firm),$eissuing body.
=740  02$aAmerican periodicals from the Center for Research Libraries (APCRL).
=740  02$aAmerican periodicals series online (APS).
=740  02$aArchive finder.
=740  42$aThe bookman directory of booksellers, publishers and authors.
=740  02$aBritish periodicals.
=740  02$aDictionary of nineteenth-century journalism.
=740  02$aHouse of Commons Parliamentary papers.
=740  42$aThe cumulative index to Niles' register.
=740  42$aThe nineteenth century.
=740  02$aNineteenth-century short title catalogue (NSTC)
=740  02$aPalmer's index to the Times.
=740  02$aPalmer's full text online, 1790-1905.
=740  02$aPeriodicals index online.
=740  02$aPoole's index to periodical literature.
=740  02$aProceedings of the Old Bailey.
=740  02$aStead's index to periodical literature.
=740  42$aThe Wellesley index to Victorian periodicals, 1824-1900.
=740  02$aUnited States Congressional serial set.
=740  02$aNineteenth century microfiche project.
=856  40$uhttp://c19index.chadwyck.com/
=856  40$uhttp://c19index.chadwyck.co.uk$xVerlag
=880  2\$6520-00$aLe Nineteenth Century Index représente une source de données bibliographiques complète pour la recherche portant sur le 19e siècle. Cette base de données couvre notamment les sources suivantes : Nineteenth Century Short Title Catalogue, The Nineteenth Century (projet d'indexation de microfiches de Chadwyck-Healey en collaboration avec la British Library), Poole's Index to Periodical Literature, Wellesley Index to Victorian Periodicals (1824-1900), Periodicals Index Online and Periodicals Archive Online (1790-1919), American Periodicals Series (1791-1919), House of Commons Parliamentary Papers (1801-1900), Palmerαs Index to the Times (1790-1905)
=852  \\$aBritish Library$bHMNTS$je-media
=CAT  \\$a3072$b40$c20230412$lBLL01$h1137
=CAT  \\$a3072$b40$c20230412$lBLL01$h1138
=CAT  \\$a3072$b40$c20230720$lBLL01$h1408
=FIN  \\$aY$d20230412
=SID  \\$aZ39$bOCLC
=STA  \\$aSUPPRESSED$bDatabase
=LAS  \\$a3072$b40$c20230720$lBLL01$h1408

