=LDR  02455 ai a2200601 a 4500
=001  012448631
=003  Uk
=005  20120316121645.0
=006  m\\\\\\\\d\|\\\\\\
=007  cr\cn|||||||||
=008  040416c199u9999xxuuu\d\saai\\0\\\a2eng\\
=015  \\$aGBA534659$2bnb
=040  \\$aUk$beng$cUk$dUk
=042  \\$aukblsr
=082  04$a016.61041$222
=130  0\$aBritish nursing index (Online)
=245  10$aBritish nursing index$h[electronic resource].
=260  \\$a[New York, N.Y. ;$aLondon :$bOvid Technologies]
=336  \\$atext$2rdacontent
=337  \\$acomputer$2rdamedia
=338  \\$aonline resource$2rdacarrier
=500  \\$aPublished in association with BNI Publications.
=500  \\$aTitle from database selection screen (viewed on 21 Apr. 2005).
=520  \\$aIndexes the most popular English language nursing journals published primarily in the UK. Is a comprehensive index covering all aspects of nursing, midwifery and community healthcare. Consists of BNI and: RCN journals database. Some entries link to full text via subscription services.
=538  \\$aMode of access: World Wide Web.
=650  \0$aNursing$zGreat Britain$vIndexes.
=710  2\$aOvid Technologies, Inc.
=776  0\$tBritish nursing index$x1366-5588
=787  0\$tBritish nursing index (CD-ROM)
=852  41$aBritish Library$bSTI$je-media
=856  40$uhttp://web5silverplatter.com/webspirs/start.ws
=A02  \\$a3001490$z0
=CAT  \\$aCONV$b00$c20040425$lBLL90$h0713
=CAT  \\$aCONV$b00$c20040502$lBLL01$h1509
=CAT  \\$a3072$b40$c20050421$lBLL01$h1204
=CAT  \\$a3072$b40$c20050421$lBLL01$h1339
=CAT  \\$a3072$b40$c20050608$lBLL01$h1514
=CAT  \\$a3072$b40$c20050608$lBLL01$h1536
=CAT  \\$a3072$b40$c20050608$lBLL01$h1548
=CAT  \\$aBATCH$b00$c20091210$lBLL01$h2336
=CAT  \\$aBATCH$b00$c20091214$lBLL01$h0848
=CAT  \\$aBATCH$b00$c20091216$lBLL01$h0221
=CAT  \\$a3072$b40$c20120316$lBLL01$h1216
=CAT  \\$aBATCH-UPD$b40$c20131021$lBLL01$h1141
=CAT  \\$aWR14_140$c20140905$lBLL01$h1800
=FIN  \\$aY$d20050608
=FMT  \\$a  SE
=LAS  \\$aWR14_140$b00$c20140905$lBLL01$h1800
=LKR  \\$aPAR$b009529385$lBLL01$r776$mBritish nursing index$nBritish nursing index
=LKR  \\$aPAR$b011110092$lBLL01$r787$mBritish nursing index (Online)$nBritish nursing index (CD-ROM)
=SRC  \\$aDSS03$bbibsr.200404.2.aa
=STA  \\$aSUPPRESSED$bDatabase
=TCO  \\$aTRS$bCCC$c008

