=LDR  01535 cm a2200421 a 4500
=001  012978248
=003  Uk
=005  20150811154804.0
=008  040825s\\\\\\\\\\\||\\|\||||||n\\\\\\\\\
=FMT  \\$a  MU
=082  14$a780$215
=100  1\$aClementi, Muzio,$d1752-1832.
=245  \0$aOpera omnia
=250  \\$aUrtext edition.
=260  \\$aBologna :$bUt Orpheus Edizioni,$c2000-
=300  \\$a60 vols.
=336  \\$anotated music$2rdacontent
=337  \\$aunmediated$2rdamedia
=338  \\$avolume$2rdacarrier
=500  \\$aUmbrella record
=500  \\$aThere are 2 different series in progress. This one has soft turquoise covers bearing the word URTEXT, and a publisher's number starting MC.
=856  \\$uhttp://www.muzioclementi.com/urtext.php
=852  41$aBritish Library$bMUSIC$jG.811.ff./$oG$3Vol.1-
=CAT  \\$a7988$b40$c20040825$lBLL01$h1612
=CAT  \\$a7988$b40$c20040825$lBLL01$h1637
=CAT  \\$a7988$b40$c20040901$lBLL01$h1213
=CAT  \\$a4587$b40$c20060505$lBLL01$h1105
=CAT  \\$a4587$b40$c20060505$lBLL01$h1504
=CAT  \\$a11696$b40$c20071022$lBLL01$h1246
=CAT  \\$a11814$b40$c20090804$lBLL01$h1019
=CAT  \\$aBATCH-UPD$b40$c20110209$lBLL01$h1920
=CAT  \\$aWR12-140$c20121101$lBLL01$h1843
=CAT  \\$aBATCH-UPD$b00$c20130517$lBLL01$h2157
=CAT  \\$a11814$b40$c20150811$lBLL01$h1456
=CAT  \\$a11814$b40$c20150811$lBLL01$h1548
=CAT  \\$aWR15_100$c20150913$lBLL01$h1615
=STA  \\$aSUPPRESSED$bAcquisitions Use Only
=LAS  \\$aWR15_100$b00$c20150913$lBLL01$h1615

