=LDR  01735 am a2200457 a 4500
=001  012994131
=003  Uk
=005  20050120114501.0
=006  m\\\\|\\\d\|\\\\\\
=007  cr|c|||||a||||
=008  040917s2002\\\\enk|||||s||||\00|\0\eng\\
=FMT  \\$a  BK
=015  \\$aGBA467794$2bnb
=040  \\$aUk$beng$cUk
=042  \\$aukblsr
=082  04$a363.738$222
=110  2\$aBNFL National Stakeholder Dialogue.$bDischarges Working Group.
=245  10$aBNFL National Stakeholder Dialogue$h[electronic resource] /$cDischarges Working Group.
=260  \\$aLondon :$bThe Environment Council,$c2002.
=336  \\$atext$2rdacontent
=337  \\$acomputer$2rdamedia
=338  \\$aonline resource$2rdacarrier
=538  \\$aMode of access: Internet.
=500  \\$aTitle from title screen.
=516  \\$aPDF format.
=500  \\$aA compilation of three previously published reports: Discharges Working Group interim report (2000), First update (2000), Second update (2002)
=610  20$aBritish Nuclear Fuels (Firm)
=650  \0$aRadioactive pollution
=856  40$uhttp://www.the-environment-council.org.uk/docs/DWG_Combined%20_report.pdf
=852  41$aBritish Library$bHMNTS$jEC.2004.x.352
=CAT  \\$a6156$b40$c20040917$lBLL01$h1024
=CAT  \\$a8141$b40$c20040920$lBLL01$h1446
=CAT  \\$a11278$b40$c20041117$lBLL01$h1008
=CAT  \\$aUE-01$b00$c20041117$lBLL01$h1132
=CAT  \\$a8141$b40$c20050120$lBLL01$h1145
=CAT  \\$aBATCH-UPD$b40$c20080820$lBLL01$h1501
=CAT  \\$aW1711-1225$c20171203$lBLL01$h1020
=CAT  \\$aBATCH-UPD$b00$c20171203$lBLL01$h1116
=FIN  \\$aY$d2005-01-20
=STA  \\$aSUPPRESSED$bunable to determine reason for suppression
=LAS  \\$aBATCH-UPD$b00$c20171203$lBLL01$h1116

