=LDR  01672 am a2200481 a 4500
=001  012996134
=003  Uk
=005  20051108091624.0
=006  m\\\\|\\\d\|\\\\\\
=007  cr|||\|||a||||
=008  040921s2004\\\\enk|||||s||||\00|\0\eng\\
=FMT  \\$a  BK
=015  \\$aGBA474623$2bnb
=020  \\$a1859352189 :$cNo price
=020  \\$a1859352170 (pbk.) :$c£14.95
=040  \\$aUk$beng$cUk
=042  \\$aukblsr
=082  04$a362.820941$222
=245  00$aYoung families under stress$h[electronic resource] :$boutcomes and costs of Home-Start support /$cColette McAuley ... [et al.].
=260  \\$aYork :$bJoseph Rowntree Foundation,$c2004.
=336  \\$atext$2rdacontent
=337  \\$acomputer$2rdamedia
=338  \\$aonline resource$2rdacarrier
=538  \\$aMode of access: Internet.
=500  \\$aTitle from title screen.
=516  \\$aPDF format.
=530  \\$aAlso issued in print format.
=610  24$aHome-Start Consultancy$xEvaluation.
=650  \0$aFamily services$zGreat Britain.
=650  \0$aFamily policy$zGreat Britain.
=700  1\$aMcAuley, Colette.
=710  2\$aJoseph Rowntree Foundation.
=856  40$uhttp://www.jrf.org.uk/bookshop/eBooks/1859352189.pdf
=852  41$aBritish Library$bDSC$jm04/32105
=CAT  \\$a7750$b40$c20040921$lBLL01$h1422
=CAT  \\$a8141$b40$c20041019$lBLL01$h1201
=CAT  \\$a5194$b40$c20041020$lBLL01$h0940
=CAT  \\$a11249$b40$c20051108$lBLL01$h0916
=CAT  \\$aBATCH-UPD$b40$c20121031$lBLL01$h1323
=CAT  \\$aW1711-1225$c20171203$lBLL01$h1020
=FIN  \\$aY
=STA  \\$aSUPPRESSED$bunable to determine reason for suppression
=LAS  \\$aW1711-1225$b00$c20171203$lBLL01$h1020

