=LDR  02185 am a2200601 a 4500
=001  013054990
=003  Uk
=005  20050503120704.0
=006  m\\\\|\\\d\|\\\\\\
=007  cr||||||||||||
=008  041202s2004\\\\enk||||\sb\\\\00|\0\eng\\
=FMT  \\$a  BK
=015  \\$aGBA508284$2bnb
=016  7\$a013054990$2Uk
=020  \\$a1859352227 (PDF : available at www.jrf.org.uk) :$cNo price
=020  \\$a1859352219 (pbk.) :$c£8.95
=040  \\$aUk$beng$cUk
=042  \\$aukblsr
=082  04$a362.50941$222
=245  00$aOne hundred years of poverty and policy$h[electronic resource] /$cHoward Glennerster ... [et al.].
=260  \\$aYork :$bJoseph Rowntree Foundation,$c2004.
=300  \\$a188 p.$bill.$c27 cm.
=336  \\$atext$2rdacontent
=337  \\$acomputer$2rdamedia
=338  \\$aonline resource$2rdacarrier
=504  \\$aIncludes bibliographical references.
=538  \\$aMode of access: World Wide Web.
=538  \\$aSystem requirements: IBM compatible PC; Windows; Adobe Acrobat Reader.
=500  \\$aTitle from PDF title page.
=516  \\$aPDF format.
=530  \\$aAlso issued in print format.
=500  \\$aIncludes bibliographical references.
=500  \\$aFormerly CIP.$5Uk
=600  10$aRowntree, B. Seebohm$q(Benjamin Seebohm),$d1871-1954.
=650  \0$aPoverty$zGreat Britain$xHistory$y20th century.
=650  \0$aPoverty$xGovernment policy$zGreat Britain.
=700  1\$aGlennerster, Howard.
=856  40$uhttp://www.jrf.org.uk/bookshop/eBooks/1859352227.pdf
=852  41$aBritish Library$bDSC$jm05/.12761
=852  41$aBritish Library$bHMNTS$jYC.2005.b.586
=916  \\$a100=NOTNACO
=BGT  \\$at
=CAT  \\$a6524$b40$c20041202$lBLL01$h1408
=CAT  \\$a6524$b40$c20041214$lBLL01$h1045
=CAT  \\$a8141$b40$c20050201$lBLL01$h1453
=CAT  \\$a5375$b40$c20050503$lBLL01$h1200
=CAT  \\$a5375$b40$c20050503$lBLL01$h1205
=CAT  \\$a5375$b40$c20050503$lBLL01$h1207
=CAT  \\$aWR16_021$c20160610$lBLL01$h2005
=CAT  \\$aW1711-1225$c20171203$lBLL01$h1020
=FIN  \\$aY$d20050204
=STA  \\$aSUPPRESSED$bunable to determine reason for suppression
=LAS  \\$aW1711-1225$b00$c20171203$lBLL01$h1020

