=LDR  01743 am a2200505 a 4500
=001  013107513
=003  Uk
=005  20060502105925.0
=006  m\\\\|\\\d\|\\\\\\
=007  cr||||||||||||
=008  050711s2005\\\\enkab\\\\b\\\\000\0\eng\c
=FMT  \\$a  BK
=015  \\$aGBA517000$2bnb
=016  7\$a013107513$2Uk
=020  \\$a1859352650 (pbk.) :$cNo price
=020  \\$a1859352669 (pdf) :$cNo price
=035  \\$a(StEdNL)3764616
=040  \\$aUk$beng$cUk$dStEdNL$dUk
=042  \\$aukblsr
=043  \\$ae-uk---
=082  04$a361.610941$222
=245  00$aGeography matters :$bsimulating the local impacts of national social policies /$cDimitris Ballas ... [et al.]
=260  \\$aYork :$bJoseph Rowntree Foundation,$c2005.
=300  \\$aviii, 132 p. :$bcol. ill., col. maps ;$c28 cm.
=336  \\$atext$2rdacontent
=337  \\$acomputer$2rdamedia
=338  \\$aonline resource$2rdacarrier
=490  1\$aContemporary research issues
=504  \\$aIncludes bibliographical references.
=651  \0$aGreat Britain$xSocial policy.
=700  1\$aBallas, Dimitris.
=710  2\$aJoseph Rowntree Foundation.
=856  4\$uhttp://www.jrf.org.uk/bookshop/eBooks/1859352669.pdf
=830  \0$aContemporary research issues
=852  41$aBritish Library$bHMNTS$jYC.2006.b.1817
=CAT  \\$a10902$b40$c20050209$lBLL01$h1145
=CAT  \\$a11281$b40$c20050223$lBLL01$h1427
=CAT  \\$a8202$b40$c20060502$lBLL01$h1059
=CAT  \\$aBATCH$b00$c20091217$lBLL01$h0342
=CAT  \\$aWR16_021$c20160611$lBLL01$h1943
=CAT  \\$aW1711-1225$c20171203$lBLL01$h1021
=FIN  \\$aY$d20050223
=SRC  \\$aLDL
=STA  \\$aSUPPRESSED$bunable to determine reason for suppression
=LAS  \\$aW1711-1225$b00$c20171203$lBLL01$h1021

