=LDR  01710 am a2200481 a 4500
=001  013116716
=003  Uk
=005  20050317105330.0
=006  m\\\\|\\\d\|\\\\\\
=007  cr||||||||||||
=008  050221s2004\\\\enk\\\\\s\\\\o|0|\0\eng\\
=FMT  \\$a  BK
=015  \\$aGBA524226$2bnb
=020  \\$cNo price
=040  \\$aUk$beng$cUk
=042  \\$aukblsr
=082  04$a363.19$222
=245  00$aProduct safety in Europe$h[electronic resource] :$ba guide to corrective action including recalls.
=260  \\$a[London :$bDTI,$c2004].
=336  \\$atext$2rdacontent
=337  \\$acomputer$2rdamedia
=338  \\$aonline resource$2rdacarrier
=538  \\$aMode of access: World Wide Web.
=538  \\$aSystem requirements: IBM compatible PC; Windows; Adobe Acrobat Reader.
=500  \\$aTitle from PDF title screen.
=516  \\$aPDF format.
=500  \\$a[Publisher's no.: URN 04/2014]
=650  \0$aConsumer protection$zEurope.
=650  \0$aProduct safety$zEurope.
=650  \0$aProducts liability$zEurope.
=710  1\$aGreat Britain.$bDepartment of Trade and Industry.
=856  4\$uhttp://europa.eu.int/comm/consumers/cons_safe/action_guide_en.pdf
=852  41$aBritish Library$bHMNTS$jYK.2005.b.307
=985  \\$aRecord amended for WR# 13/070
=CAT  \\$a6524$b40$c20050221$lBLL01$h1414
=CAT  \\$a6524$b40$c20050221$lBLL01$h1415
=CAT  \\$a11281$b40$c20050317$lBLL01$h1053
=CAT  \\$aBATCH-UPD$b40$c20070723$lBLL01$h1548
=CAT  \\$aWR13_070$b00$c20130504$lBLL01$h0237
=CAT  \\$aW1711-1225$c20171203$lBLL01$h1021
=FIN  \\$aY$d20050317
=STA  \\$aSUPPRESSED$bunable to determine reason for suppression
=LAS  \\$aW1711-1225$b00$c20171203$lBLL01$h1021

