=LDR  02012 am a2200553 a 4500
=001  013125788
=003  Uk
=005  20120121070115.0
=006  m\\\\|\\\d\|\\\\\\
=007  cr||||||||||||
=008  050302s2005\\\\enk\\\\\s\\\\||0|\0\eng\\
=FMT  \\$a  BK
=015  \\$aGBA524306$2bnb
=016  7\$a013125788$2Uk
=020  \\$a1859352855 :$cNo price
=020  \\$a1859352847 (print) :$cNo price
=040  \\$aUk$beng$cUk
=042  \\$aukblsr
=082  04$a362.708692$222
=100  10$aLemos, Gerard.
=245  14$aThe search for tolerance$h[electronic resource] :$bchallenging and changing racist attitudes and behaviour among young people /$cGerard Lemos.
=260  \\$aYork :$bJoseph Rowntree Foundation,$c2005.
=300  \\$a64 p. ;$c30 cm.
=336  \\$atext$2rdacontent
=337  \\$acomputer$2rdamedia
=338  \\$aonline resource$2rdacarrier
=538  \\$aMode of access: World Wide Web.
=538  \\$aSystem requirements: IBM compatible PC; Windows; Adobe Acrobat Reader.
=500  \\$aTitle from PDF title screen.
=516  \\$aPDF format.
=530  \\$aAlso issued in print format.
=650  \0$aProblem youth$zEngland.
=650  \0$aRacism$zEngland.
=650  \0$aProblem youth$xBehavior modification$zEngland.
=856  4\$uhttps://www.jrf.org.uk/bookshop/eBooks/1859352855.pdf
=852  41$aBritish Library$bHMNTS$jYC.2009.b.1776
=852  41$aBritish Library$bHMNTS$jSPIS362.708692
=CAT  \\$a11279$b40$c20050302$lBLL01$h1419
=CAT  \\$a11279$b40$c20050302$lBLL01$h1420
=CAT  \\$a11281$b40$c20050318$lBLL01$h0909
=CAT  \\$a5375$b40$c20050509$lBLL01$h1130
=CAT  \\$a11002$b40$c20120121$lBLL01$h0700
=CAT  \\$a11002$b40$c20120121$lBLL01$h0701
=CAT  \\$aBATCH-UPD$b40$c20150509$lBLL01$h1631
=CAT  \\$aWR16_021$c20160611$lBLL01$h1946
=CAT  \\$aW1711-1225$c20171203$lBLL01$h1021
=FIN  \\$aY$d20050318
=STA  \\$aSUPPRESSED$bunable to determine reason for suppression
=LAS  \\$aW1711-1225$b00$c20171203$lBLL01$h1021

