=LDR  02147 ai a2200517 a 4500
=001  013226339
=003  Uk
=005  20141222134101.0
=006  m\\\\\\\\d\|\\\\\\
=007  cr||||||||||||
=008  050621c200u9999enkuu\d\oc\\\\0\\\a2eng\\
=FMT  \\$a  SE
=015  \\$aGBA553329$2bnb
=040  \\$aUk$beng$cUk$dUk
=042  \\$aukblsr
=082  04$a026.954$222
=245  00$aIndia Office select materials$h[electronic resource] /$cBritish Library.
=260  \\$a[London] :$bBritish Library
=336  \\$atext$2rdacontent
=337  \\$acomputer$2rdamedia
=338  \\$aonline resource$2rdacarrier
=538  \\$aMode of access: World Wide Web.
=520  \\$aCatalogues covering the holdings of India Office private papers, prints and drawings, and photographs within the Library's Asia, Pacific and Africa Collections. Main focus is on the countries of South Asia, although there are also considerable holdings relevant to other parts of Asia and the Middle East.
=500  \\$aTitle from website (viewed on 22nd June 2005).
=610  20$aIndia Office Records$vCatalogs.
=610  20$aEast India Company$xArchives$vCatalogs.
=651  \0$aIndia$xHistory$yBritish Occupation, 1765-1947$vSources$vBibliography$vCatalogs.
=651  \0$aIndia$xHistory$yBritish Occupation, 1765-1947$vManuscripts$vCatalogs.
=651  \0$aSouth Asia$xHistory$xManuscripts$vCatalogs.
=651  \0$aSouth Asia$xHistory$xSources$vBibliography$vCatalogs.
=710  2\$aBritish Library.
=856  40$uhttp://prodigi.bl.uk/iosm/welcome.asp
=852  41$aBritish Library$bHMNTS$je-media
=CAT  \\$a3072$b40$c20050621$lBLL01$h1729
=CAT  \\$a3072$b40$c20050622$lBLL01$h1104
=CAT  \\$a3072$b40$c20050623$lBLL01$h0931
=CAT  \\$a3072$b40$c20050623$lBLL01$h1802
=CAT  \\$a5194$b40$c20050708$lBLL01$h1621
=CAT  \\$a3072$b40$c20050818$lBLL01$h1726
=CAT  \\$aBATCH-UPD$b40$c20131021$lBLL01$h1141
=CAT  \\$aWR14_140$c20140905$lBLL01$h1808
=CAT  \\$a3072$b40$c20141222$lBLL01$h1341
=FIN  \\$aY$d20050623
=STA  \\$aSUPPRESSED$bDatabase
=TCO  \\$aCLA$bCLA$c008
=LAS  \\$a3072$b40$c20141222$lBLL01$h1341

