=LDR  01831 am a2200493 a 4500
=001  013476990
=003  Uk
=005  20060927114409.0
=006  m\\\\|\\\d\|\\\\\\
=007  cr||||||||||||
=008  060524s2006\\\\stk||||\s||||o00|\0\eng\\
=FMT  \\$a  BK
=015  \\$aGBA661652$2bnb
=020  \\$cNo price
=040  \\$aUk$beng$cUk
=042  \\$aukblsr
=082  04$a328.33450941464$222
=245  00$aFourth statutory review of electoral arrangements.$pSouth Ayrshire Council area$h[electronic resource].
=260  \\$aEdinburgh :$bLocal Government Boundary Commission for Scotland,$c2006.
=336  \\$atext$2rdacontent
=337  \\$acomputer$2rdamedia
=338  \\$aonline resource$2rdacarrier
=538  \\$aMode of access: World Wide Web.
=538  \\$aSystem requirements: Adobe Acrobat Reader.
=500  \\$aTitle from PDF title page (viewed on 17 July, 2006)
=516  \\$aPDF format.
=500  \\$aReport no. E06028.
=500  \\$a"Report to Scottish ministers." - Cover.
=610  10$aSouth Ayrshire (Scotland).$bCouncil.
=650  \0$aElection districts$zScotland$zSouth Ayrshire.
=651  \0$aScotland$xAdministrative and political divisions.
=710  2\$aLocal Government Boundary Commission for Scotland.
=856  40$uhttp://www.lgbc-scotland.gov.uk/
=852  41$aBritish Library$bHMNTS$jYF.2006.a.36062
=CAT  \\$a10902$b40$c20060524$lBLL01$h1550
=CAT  \\$a10902$b40$c20060524$lBLL01$h1551
=CAT  \\$a8141$b40$c20060717$lBLL01$h1309
=CAT  \\$a8141$b40$c20060717$lBLL01$h1359
=CAT  \\$a8141$b40$c20060927$lBLL01$h1144
=CAT  \\$aW1711-1225$c20171203$lBLL01$h1024
=CAT  \\$aBATCH-UPD$b00$c20171203$lBLL01$h1142
=FIN  \\$aY$d20060717
=STA  \\$aSUPPRESSED$bunable to determine reason for suppression
=LAS  \\$aBATCH-UPD$b00$c20171203$lBLL01$h1142

