=LDR  01833 ai a2200481 a 4500
=001  013508468
=003  Uk
=005  20161214092149.0
=006  m\\\\\\\\d\|\\\\\\
=007  cr||||||||||||
=008  060712c197u9999xxumr\d\si\\\\0\\\a2eng\\
=FMT  \\$a  SE
=015  \\$aGBA693235$2bnb
=040  \\$aUk$beng$cUk$dUk
=042  \\$aukblsr
=082  04$a016.6182$222
=245  00$aMaternity and infant care$h[electronic resource].
=260  \\$aLondon :$bOvid
=260  \\$a[New York, N.Y. ;$aLondon (Merlin House, 20 Belmont Terrace, Chiswick, W4 5UG) :$bOvid Technologies]
=310  \\$aUpdated monthly
=336  \\$atext$2rdacontent
=337  \\$acomputer$2rdamedia
=338  \\$aonline resource$2rdacarrier
=538  \\$aMode of access: World Wide Web.
=500  \\$aTitle from database selection screen (viewed on 1st Nov. 2003).
=520  \\$aA bibliographic database containing abstracts tojournal articles on topics such as the midwifery profession, pregnancy, labour, birth, postnatal care, neonatal care, and the first year of an infant's life.
=650  \0$aMidwifery$vIndexes.
=650  \0$aInfants$xCare$vIndexes.
=856  40$uhttp://web5s.silverplatter.com/webspirs/start.ws?customer=c140305
=852  41$aBritish Library$bSTI$je-media
=CAT  \\$a6524$b40$c20060712$lBLL01$h0937
=CAT  \\$a3072$b40$c20061101$lBLL01$h1715
=CAT  \\$a3072$b40$c20061102$lBLL01$h1118
=CAT  \\$a3072$b40$c20061102$lBLL01$h1121
=CAT  \\$a3072$b40$c20061102$lBLL01$h1606
=CAT  \\$a3072$b40$c20120316$lBLL01$h1257
=CAT  \\$aBATCH-UPD$b40$c20131021$lBLL01$h1141
=CAT  \\$aWR14_140$c20140905$lBLL01$h1812
=CAT  \\$a10902$b40$c20161214$lBLL01$h0921
=FIN  \\$aY$d20061102
=STA  \\$aSUPPRESSED$bDatabase
=TCO  \\$aTRS$bCCC$c008
=LAS  \\$a10902$b40$c20161214$lBLL01$h0921

