=LDR  02042 am a2200481 a 4500
=001  013538947
=003  Uk
=005  20060920120821.0
=006  m\\\\|\\\d\|\\\\\\
=007  cr||||||||||||
=008  060824s2006\\\\enk||||\s||||o00|\0\eng\\
=FMT  \\$a  BK
=015  \\$aGBA680945$2bnb
=020  \\$cNo price
=040  \\$aUk$beng$cUk
=042  \\$aukblsr
=082  04$a344.4104622$222
=245  00$aWEEE consultation.$nPart II,$pDraft guidance to the Waste Electrical and Electronic Equipment Regulations$h[electronic resource].
=260  \\$a[London] :$bDTI,$c[2006].
=336  \\$atext$2rdacontent
=337  \\$acomputer$2rdamedia
=338  \\$aonline resource$2rdacarrier
=538  \\$aMode of access: World Wide Web.
=538  \\$aSystem requirements: Adobe Acrobat Reader.
=500  \\$aTitle from PDF title page (viewed on 20 Sept., 2006)
=516  \\$aPDF format.
=520  \\$a"Explains the UK Waste Electrical and Electronic Equipment Regulations (the WEEE regulations). Covers the obligations that the regulations place on producers and distributors of electrical and electronic equipment in the UK market." - DTI website (Reports & Publications)
=500  \\$aPublisher's no.: URN 06/1330.
=650  \0$aElectronic industries$xLaw and legislation$zGreat Britain.
=650  \0$aWaste electronic apparatus and appliances$xLaw and legislation$zGreat Britain.
=710  1\$aGreat Britain.$bDepartment of Trade and Industry.
=856  40$uhttp://www.dti.gov.uk/files/file32482.pdf
=852  41$aBritish Library$bDSC$jm07/.23657
=985  \\$aRecord amended for WR# 13/070
=CAT  \\$a6524$b40$c20060824$lBLL01$h0926
=CAT  \\$a6524$b40$c20060824$lBLL01$h0927
=CAT  \\$a8141$b40$c20060920$lBLL01$h1208
=CAT  \\$aBATCH-UPD$b40$c20070723$lBLL01$h1638
=CAT  \\$aWR13_070$b00$c20130504$lBLL01$h0246
=CAT  \\$aW1711-1225$c20171203$lBLL01$h1024
=FIN  \\$aY$d20060920
=STA  \\$aSUPPRESSED$bunable to determine reason for suppression
=LAS  \\$aW1711-1225$b00$c20171203$lBLL01$h1024

