=LDR  01741 ai a2200493 a 4500
=001  013597306
=003  Uk
=005  20070315143526.0
=006  m\\\\\\\\d\\\\\\\\
=007  cr||||||||||||
=008  061108c200u9999sa\\x\d\s\\\\\0\\\a0afr\\
=FMT  \\$a  SE
=040  \\$aUk$beng$cUk
=041  0\$aafr$beng
=042  \\$aukblsr
=082  04$a001.3$222
=245  00$aSA ePublications$h[electronic resource].
=246  13$aSAePublications
=246  10$iAlso known as:$aSabinet online
=260  \\$aCenturion :$bSabinet Online
=336  \\$atext$2rdacontent
=337  \\$acomputer$2rdamedia
=338  \\$aonline resource$2rdacarrier
=362  1\$aBegan in 2003?
=538  \\$aMode of access: World Wide Web.
=500  \\$aTitle from search screen (viewed 15 Mar. 2007).
=546  \\$aIn Afrikaans, with some abstracts in English.
=520  \\$aSabinet is a collection of over one hundred South African journals, covering the social sciences, arts and humanities, and law. Full text is provided for most entries.
=650  \0$aSocial sciences$vPeriodicals$vDatabases.
=650  \0$aHumanities$vPeriodicals$vDatabases.
=650  \0$aArts$vPeriodicals$vDatabases.
=650  \0$aLaw$vPeriodicals$vDatabases.
=651  \0$aSouth Africa$vDatabases.
=710  2\$aSabinet Online Ltd.
=856  40$uhttp://www.sabinet.co.za/saepub%5Fsearch.html
=852  41$aBritish Library$bHMNTS$je-media
=CAT  \\$a6524$b40$c20061108$lBLL01$h1308
=CAT  \\$a3072$b40$c20070315$lBLL01$h1411
=CAT  \\$a3072$b40$c20070315$lBLL01$h1435
=CAT  \\$aBATCH-UPD$b40$c20131021$lBLL01$h1141
=FIN  \\$aY$d20070315
=STA  \\$aSUPPRESSED$bDatabase
=TCO  \\$aZAF$bDALRO$c008
=LAS  \\$aBATCH-UPD$b40$c20131021$lBLL01$h1141

