=LDR  04688 ai a2200949 a 4500
=001  013688056
=003  Uk
=005  20160202151428.0
=006  m\\\\\o\\d\\\\\\\\
=007  cr\mn|||||||||
=008  001018c19979999pauar\d\oi\\\\0\\\a2eng\c
=010  \\$a  2001233957$z  2014228671
=015  \\$aGBB613777$2bnb
=035  \\$a(OCoLC)45193049$z(OCoLC)61720983$z(OCoLC)64250723$z(OCoLC)223248132$z(OCoLC)320369537$z(OCoLC)575541583$z(OCoLC)605490424$z(OCoLC)652356932$z(OCoLC)731992643$z(OCoLC)741254186$z(OCoLC)742183915$z(OCoLC)753951320$z(OCoLC)754945173$z(OCoLC)779896409$z(OCoLC)811594011$z(OCoLC)850271555$z(OCoLC)880438812$z(OCoLC)892542665
=040  \\$aBXM$beng$cBXM$dNOH$dGUA$dOCLCQ$dMYG$dOCLCQ$dDLC$dOCLCQ$dCLU$dDLC$dCUS$dOCLCQ$dGPM$dOUN$dOCLCQ$dZCU$dNDD$dCRU$dEXW$dBOS$dOCLCF$dCEF$dOCLCO$dLGG$dOCLCO$dAU@$dTULIB$dOCLCQ$dOCLCO$dOCLCQ$dIUL$dOCLCO$dUk
=042  \\$aukblsr
=050  14$aZ699.5.S3
=082  04$a020.727$223
=245  00$aIncites journal citation reports.
=246  1\$iAlso known as:$aJournal citation reports
=246  1\$iAlso known as:$aJCR
=246  3\$aJCR-Web
=247  10$aISI journal citation reports
=247  10$aISI web of knowledge.$pJournal citation reports$f<200?-2014>
=264  \1$a[Philadelphia, Pa.] :$bInstitute for Scientific Information,$c1997-
=264  21$3<2008->$aLondon :$bThomson Corp.
=264  31$3<2014->$aNew York, NY :$bThomson Reuters
=310  \\$aUpdated annually
=336  \\$atext$2rdacontent
=337  \\$aunmediated$2rdamedia
=338  \\$avolume$2rdacarrier
=362  1\$aBegan in 1997.
=500  \\$aInclusive coverage: 1997-
=506  \\$aAccess restricted to subscribing institutions.
=520  \\$aA comprehensive resource that allows users to evaluate and compare journals using citation data drawn from scholarly and technical journals from publishers in over 80 countries. It is the only source of citation data on journals, and includes virtually all areas of science, technology, and social sciences.
=588  \\$aDescription based on contents viewed on January 28, 2016; title from search screen (accessed via Web of science).
=650  \0$aBibliographical citations$vStatistics$vPeriodicals$vDatabases.
=650  \0$aScience$vPeriodicals$vStatistics$vDatabases.
=650  \0$aSocial sciences$vPeriodicals$vStatistics$vDatabases.
=650  \0$aScience$vStatistics$vDatabases.
=650  \0$aSocial sciences$vStatistics$vDatabases.
=650  12$aPeriodicals$xstatistics & numerical data$vPeriodicals.
=650  22$aScience$vPeriodicals.
=650  22$aSocial Sciences$vPeriodicals.
=650  \7$aBibliographical citations.$2fast$0(OCoLC)fst00831333
=650  \7$aScience.$2fast$0(OCoLC)fst01108176
=650  \7$aScience$xPeriodicals.$2fast$0(OCoLC)fst01108326
=650  \7$aSocial sciences.$2fast$0(OCoLC)fst01122877
=650  \7$aSocial sciences$xPeriodicals.$2fast$0(OCoLC)fst01122939
=653  \\$asciences$asocial sciences
=655  \0$aElectronic journals.
=655  \4$aElectronic reference sources.
=655  \7$aBibliography.$2fast$0(OCoLC)fst01423717
=655  \7$aDatabases.$2fast$0(OCoLC)fst01411643
=655  \7$aStatistics.$2fast$0(OCoLC)fst01423727
=710  2\$aThomson Reuters,$eissuing body.
=710  2\$aInstitute for Scientific Information,$eissuing body.
=740  02$aJournal citation reports.$pScience edition.
=740  02$aJournal citation reports.$pSocial sciences edition.
=773  08$iContained in (work):$tWeb of science
=776  08$iCD-ROM version:$tJournal citation reports on CD-ROM (Science ed.)$x1082-6661
=776  08$iCD-ROM version:$tJournal citation reports on CD-ROM (Social sciences ed.)$x1082-6653
=776  08$iMicrofiche version:$tJournal citation reports on microfiche (Science ed.)$x1524-5047
=776  08$iMicrofiche version:$tJournal citation reports on microfiche (Social sciences ed.)$x1524-5055
=852  41$aBritish Library$bHMNTS$je-media
=856  40$uhttp://isiknowledge.com/jcr
=856  40$uhttp://jcr.incites.thomsonreuters.com
=985  \\$aInvoice paid separately from Web of Science. See note on 011775548
=CAT  \\$a6524$b40$c20070306$lBLL01$h0928
=CAT  \\$a6524$b40$c20070306$lBLL01$h1021
=CAT  \\$aBATCH-UPD$b40$c20131021$lBLL01$h1141
=CAT  \\$a3072$b40$c20160128$lBLL01$h1449
=CAT  \\$a3072$b40$c20160128$lBLL01$h1502
=CAT  \\$a3072$b40$c20160128$lBLL01$h1512
=CAT  \\$a3072$b40$c20160128$lBLL01$h1607
=CAT  \\$a3072$b40$c20160202$lBLL01$h1514
=FIN  \\$aY$d20160128
=FMT  \\$a  SE
=LAS  \\$a3072$b40$c20160202$lBLL01$h1514
=SID  \\$aZ39$bOCLC
=STA  \\$aSUPPRESSED$bDatabase
=TCO  \\$aZZZ$c008

