=LDR  02368 ai a2200577 a 4500
=001  011483033
=003  Uk
=005  20120316100138.0
=006  m\\\\\\\\d\|\\\\\\
=007  cr||||||||||||
=008  040225c199u9999enk|r\d\s\i\\\0\\\|2eng\\
=FMT  \\$a  SE
=019  0\$as694556009
=040  \\$aUk$cUk
=082  04$a016.02$221
=245  00$aInformation science & technology abstracts plus$h[electronic resource].
=246  3\$aInformation science & technology plus
=260  \\$a[New York ;$aLondon (Merlin House, 20 Belmont Terrace, Chiswick, W4 5UG]) :$bOvid Technologies
=310  \\$aUpdated nine times yearly
=336  \\$atext$2rdacontent
=337  \\$acomputer$2rdamedia
=338  \\$aonline resource$2rdacarrier
=500  \\$aProduced by: Information Today.
=500  \\$aTitle from search screen (viewed 25 Apr. 2003).
=500  \\$aTitle from database information screen: Information science & technology plus.
=520  \\$aContains references and abstracts to the world's literature in librarianship, information science and related disciplines. The database indexes journal articles, books, research reports, conference proceedings, and patents. 1966 to present.
=530  \\$aAlso issued on CD-ROM and in print format.
=538  \\$aMode of access: World Wide Web.
=650  \0$aInformation science$vIndexes$vPeriodicals.
=650  \0$aInformation science$vAbstracts$vPeriodicals.
=650  \0$aLibrary science$vIndexes$vPeriodicals.
=650  \0$aLibrary science$vAbstracts$vPeriodicals.
=710  2\$aInformation Today, Inc.
=710  2\$aOvid Technologies, Inc.
=856  40$uhttp://web5.silverplatter.com/webspirs/start
=852  41$aBritish Library$bSTI$je-media$30000- ; Current update only.
=957  \\$a030425p
=CAT  \\$aCONV$b00$c20040425$lBLL90$h0900
=CAT  \\$aCONV$b00$c20040502$lBLL01$h1434
=CAT  \\$aBATCH$b00$c20091122$lBLL01$h1848
=CAT  \\$a3072$b40$c20120315$lBLL01$h1711
=CAT  \\$a3072$b40$c20120315$lBLL01$h1719
=CAT  \\$a3072$b40$c20120316$lBLL01$h1001
=CAT  \\$aBATCH-UPD$b40$c20131021$lBLL01$h1141
=FIN  \\$aY
=LEO  \\$aMP25.0000371180
=SRC  \\$aSRI01$bbibmp25.200404.2.aa
=SSD  \\$a74510{dollar}aInformation science & technology plus
=STA  \\$aSUPPRESSED$bDatabase
=TCO  \\$aCLA$bCLA$c008
=LAS  \\$aBATCH-UPD$b40$c20131021$lBLL01$h1141

