=LDR  07665 ai a2201525 a 4500
=001  011775548
=003  Uk
=005  20160602111721.0
=006  m\\\\\o\\d\\\\\\\\
=007  cr\cnu||||||||
=008  971028c19uu9999pauuu\dsoi\\\\0\\\a2eng\c
=FMT  \\$a  SE
=010  \\$asn 97038173 
=015  \\$aGBA328818$2bnb
=016  \\$a2139647-4$2DE-600
=016  \\$a011775548
=019  c\$a2599202
=019  y\$abA328818
=019  9\$abA328818
=019  1\$abA328818
=019  0\$as686510003
=035  \\$a(OCoLC)37853368$z(OCoLC)38843632$z(OCoLC)40309342$z(OCoLC)50587217$z(OCoLC)56261045$z(OCoLC)57054977$z(OCoLC)58569150$z(OCoLC)64095647$z(OCoLC)122695701$z(OCoLC)223607047$z(OCoLC)230709879$z(OCoLC)270881261$z(OCoLC)520430950$z(OCoLC)575541562$z(OCoLC)605594496$z(OCoLC)612507180$z(OCoLC)614013499$z(OCoLC)654125984$z(OCoLC)697320093$z(OCoLC)741254328$z(OCoLC)741640936$z(OCoLC)753941775$z(OCoLC)754930619$z(OCoLC)779657497$z(OCoLC)779701080$z(OCoLC)792926516$z(OCoLC)792926517$z(OCoLC)813397401$z(OCoLC)815723516$z(OCoLC)844769748$z(OCoLC)868916615$z(OCoLC)880438497$z(OCoLC)895666123
=039  0\$a2783
=040  \\$aINU$beng$cINU$dEYM$dMYG$dOCL$dGUA$dIUL$dIXA$dOCLCQ$dMTG$dOCLCQ$dZYU$dWAU$dCUS$dZCU$dUAB$dOCLCQ$dPFM$dOCLCQ$dNDD$dDLC$dOCLCO$dCOO$dTFW$dXTL$dSYB$dDEBBG$dCCO$dCSU$dZ#Q$dOCLCF$dUKMGB$dOCLCO$dOCLCQ$dOCLCO$dUk$epn
=042  \\$aukblsr
=050  00$aELECTRONIC RESOURCE
=050  14$aZ7401$b.I58
=082  04$a011$223
=245  00$aWeb of science$h[electronic resource].
=246  1\$aWOS
=246  1\$aWeb of science--all databases
=246  1\$aWoK$f<2002?-2011>
=247  10$aWeb of knowledge.$pWeb of science
=247  10$aThomson Reuters web of knowledge
=247  10$aWeb of knowledge$f<Aug. 23, 2011>
=247  10$aISI web of knowledge$f<2002?-2011>
=247  10$aISI web of science$f<Sept. 27, 2001>
=247  10$aInstitute for Scientific Information web of science
=247  10$aWeb of science citation databases$f<Nov. 13, 1998>
=260  \\$aPhiladelphia, PA :$bInstitute for Scientific Information
=260  3\$3<2002?-> :$a[Philadelphia, PA] :$bThomson Reuters
=336  \\$atext$2rdacontent
=337  \\$acomputer$2rdamedia
=338  \\$aonline resource$2rdacarrier
=520  \\$aMultidisciplinary research platform which allows simultaneous cross-searching of a range of databases and citation indexes. Provides access to the Web of Science Core Collection (comprising the Science Citation Index Expanded, Social Sciences Citation Index, Arts & Humanities Citation Index, Book Citation Index); BIOSIS Citation Index; Current Contents Connect; Data Citation Index; Derwent Innovations Index; Journal of Citation Reports and Zoological Record.
=588  \\$aDescription based on contents viewed on January 28, 2015.
=650  \0$aScience$xPeriodicals$vIndexes$vDatabases.
=650  \0$aScience$vIndexes$vDatabases.
=650  \0$aChemistry$xPeriodicals$vIndexes$vDatabases.
=650  \0$aChemistry$vIndexes$vDatabases.
=650  \0$aSocial sciences$xPeriodicals$vIndexes$vDatabases.
=650  \0$aSocial sciences$vIndexes$vDatabases.
=650  \0$aArts$xPeriodicals$vIndexes$vDatabases.
=650  \0$aArts$vIndexes$vDatabases.
=650  \0$aHumanities$xPeriodicals$vIndexes$vDatabases.
=650  \0$aHumanities$vIndexes$vDatabases.
=650  \4$aCiencia$xRevistas$vIndices$vPublicaciones periódicas.
=650  \6$aSciences$vIndex$vBases de données.
=650  \6$aSciences sociales$vIndex$vBases de données.
=650  \6$aArts$vIndex$vBases de données.
=650  \6$aSciences humaines$vIndex$vBases de données.
=650  \6$aIndex de citations$vRessources Internet.
=650  \7$aArts.$2fast$0(OCoLC)fst00817721
=650  \7$aArts$xPeriodicals.$2fast$0(OCoLC)fst00817785
=650  \7$aChemistry.$2fast$0(OCoLC)fst00853344
=650  \7$aChemistry$xPeriodicals.$2fast$0(OCoLC)fst00853406
=650  \7$aHumanities.$2fast$0(OCoLC)fst00963588
=650  \7$aHumanities$xPeriodicals.$2fast$0(OCoLC)fst00963616
=650  \7$aScience.$2fast$0(OCoLC)fst01108176
=650  \7$aScience$xPeriodicals.$2fast$0(OCoLC)fst01108326
=650  \7$aSocial sciences.$2fast$0(OCoLC)fst01122877
=650  \7$aSocial sciences$xPeriodicals.$2fast$0(OCoLC)fst01122939
=653  \\$aagriculture$aanthropology$aarchaeology$aarea studies$abehavioral sciences$abusiness$achemistry$acommunication$acriminology & penology$ademography$aearth sciences$aeconomics$aeducation$aenvironmental studies$aergonomics$aethnic studies$afamily studies$ageriatrics & gerontology$ahealth policy & services$ahistory$aindustrial relations & labor$ainternational relations$alanguage & linguistics$alaw$amanagement$anursing$aphilosophy$aplanning & development$apolitical science$apsychology$apublic administration$apublic health$asocial issues$asocial work$asociology$asubstance abuse$atransportation$aurban studies$awomens studies
=655  \4$aElectronic reference sources.
=655  \7$aDatabases.$2fast$0(OCoLC)fst01411643
=655  \7$aIndexes.$2fast$0(OCoLC)fst01423761
=710  2\$aInstitute for Scientific Information.
=730  02$aWeb of science core collection.
=730  02$aBIOSIS citation index.
=730  02$aCurrent contents connect.
=730  02$aData citation index.
=730  02$aDewent innovations index.
=730  02$aKCI-Korean journal database.
=730  02$aMEDLINE.
=730  02$aSciELO citation index.
=730  02$aZoological record.
=856  40$uhttp://apps.webofknowledge.com
=856  40$uhttp://isiknowledge.com/
=856  40$uhttp://isi2.isiknowledge.com.portal.cgi/wos
=852  41$aBritish Library$bSTI$je-media
=852  41$aBritish Library$bHMNTS$je-media
=852  41$aBritish Library$bDSC$j9283.982300$32000-
=945  \\$aWEB OF SCIENCE -ELECTRONIC EDITION-.
=959  \\$fCurrently received
=985  \\$aRecord merged by DQ team
=985  \\$aBiosis previews, and Inspec not included in our view of the resource; N.B. from 2016 Barbara will pay invoicing for 016716638 together with this one (previously paid separately); payment for 013688056 will continue be dealt with separately; 016716658 citation connection backfile is a one-off order- GC 2/2/2016.
=A02  \\$a2599202
=CAT  \\$aCONV$b00$c20040425$lBLL90$h0712
=CAT  \\$aCONV$b00$c20040502$lBLL01$h1446
=CAT  \\$aBATCH$b00$c20091210$lBLL01$h0619
=CAT  \\$aBATCH$b00$c20091214$lBLL01$h0829
=CAT  \\$aBATCH$b00$c20091216$lBLL01$h0206
=CAT  \\$aWR13.005$c20130323$lBLL01$h1222
=CAT  \\$a8201$b40$c20130515$lBLL01$h0943
=CAT  \\$a8201$b40$c20130515$lBLL01$h0944
=CAT  \\$a3072$b40$c20130521$lBLL01$h1238
=CAT  \\$a3072$b40$c20130521$lBLL01$h1331
=CAT  \\$a3072$b40$c20130521$lBLL01$h1433
=CAT  \\$a3072$b40$c20130521$lBLL01$h1457
=CAT  \\$aWR14_140$c20140905$lBLL01$h1753
=CAT  \\$a11279$b40$c20160127$lBLL01$h1400
=CAT  \\$a3072$b40$c20160128$lBLL01$h1142
=CAT  \\$a3072$b40$c20160128$lBLL01$h1206
=CAT  \\$a3072$b40$c20160202$lBLL01$h1514
=CAT  \\$a3072$b40$c20160202$lBLL01$h1521
=CAT  \\$a3072$b40$c20160602$lBLL01$h1117
=CAT  \\$aBATCH-016$c20160608$lBLL01$h1429
=FIN  \\$aY
=LEO  \\$aMP10.0000607253
=LEO  \\$aMP5.0000020950
=LEO  \\$aMP13.0000236997
=LEO  \\$aMP25.0000364193
=SID  \\$aZ39$bOCLC
=SRC  \\$aDSS01$bbibmp10.200404.2.aa
=SRC  \\$aBNB03$bbibmp5.200404.2.aa
=SRC  \\$aSRI01$bbibmp25.200404.2.aa
=SRC  \\$aHSS01$bbibmp13.200404.2.aa
=STA  \\$aSUPPRESSED$bDatabase
=TCO  \\$aTRS$bCCC$c008
=LAS  \\$aBATCH-016$b00$c20160608$lBLL01$h1429

