=LDR  04652cai a2200865 a 4500
=001  012453830
=003  Uk
=005  20230223160633.0
=006  m\\\\\o\\d\\\\\\\\
=007  cr\|||||||||||
=008  980916c199u9999ilumr\d\o\bi\\0\\\a2eng\c
=FMT  \\$a  SE
=010  \\$a  2016219023$z  2001562575
=019  1\$abld00L0825
=022  0\$a2769-125X$l0094-3770$y2472-0739
=035  \\$a(OCoLC)63890303
=040  \\$aCOO$beng$cCOO$dOCLCQ$dCOO$dTFW$dOCLCF$dDLC$dOCLCQ$dZCU$dN@F$dCLU$dUBY$dOCLCQ$dDKC$dOCL$dOCLCO$dGZM$dHUL$dOCLCO$dHUL$dOCLCO$dDLC$dOCL$dIUL$dOCLCO$dUk
=042  \\$aukblsr
=043  \\$aee-----$ae-ur---
=050  00$aZ2483
=050  \4$aZ2483$b.A51
=082  04$a016.947$223
=222  \0$aAmerican bibliography of Slavic, East European, and Eurasian studies
=245  00$aAmerican bibliography of Slavic, East European, and Eurasian studies.
=246  1\$iCommonly known as:$aABSEES online :$bAmerican bibliography of Slavic and East European studies$f<2007>-2021
=246  1\$iCommonly known as:$aABSEEES online :$bAmerican bibliography of Slavic, East European, and Eurasian studies$f2021-
=247  10$aAmerican bibliography of Slavic and East European studies$f<2007>-2021$x2472-0739
=264  \1$a[Urbana-Champaign] :$b[Graduate School of Library and Information Science, University of Illinois];$a[Ipswich, Massachusetts]:$bEBSCO Industries
=300  \\$a1 online resource
=310  \\$aUpdated monthly
=336  \\$atext$btxt$2rdacontent
=337  \\$acomputer$bc$2rdamedia
=338  \\$aonline resource$bcr$2rdacarrier
=500  \\$aTitle from Ebsco search page (viewed June 30, 2021).
=520  2\$aJournal articles, books, book chapters, book reviews, dissertations, online resources, and selected government publications on East-Central Europe and the former Soviet Union published in the United States, Canada, and some European countries. Period of coverage: 1989-present.
=520  8\$aSubjects covered: anthropology and athnology; archaeology; culture and the arts; economics and foreign trade; education and scholarship; geography and demography; government, law, and politics; history; international relations; language and linguistics; literature; military affairs; philosophy; political theory and ideology; psychology; religion; science and technology; sociology; women's studies.
=550  \\$a"Compiled ... under the auspices of the American Association for the Advancement of Slavic Studies."
=580  \\$aFormer key title: American bibliography of Slavic and East European studies and ISSN 2472-0739.
=650  \7$aBibliography.$2fast$0(OCoLC)fst00831351
=651  \0$aSlavic countries$vBibliography$vDatabases.
=651  \0$aEurope, Eastern$vBibliography$vDatabases.
=651  \0$aEurasia$vBibliography$vDatabases.
=651  \0$aFormer Soviet republics$vBibliography$vDatabases.
=651  \7$aEurasia.$2fast$0(OCoLC)fst01245058
=651  \7$aSlavic countries.$2fast$0(OCoLC)fst01243927
=651  \7$aEastern Europe.$2fast$0(OCoLC)fst01245079
=651  \7$aSoviet Union$zFormer Soviet republics.$2fast$0(OCoLC)fst01262458
=653  \\$aEuropean studies$aBibliography
=655  \7$aBibliographies.$2fast$0(OCoLC)fst01919895
=655  \7$aDatabases.$2fast$0(OCoLC)fst01411643
=710  2\$aAmerican Association for the Advancement of Slavic Studies.
=710  2\$aUniversity of Illinois at Urbana-Champaign.
=710  2\$aEBSCO Industries,$eissuing body.
=776  08$iPrint version, ceased in 1994:$tAmerican bibliography of Slavic and East European studies$x0094-3770
=856  40$uhttp://carousel.lis.uiuc.edu/%7Eabsees/absees_online.html
=856  40$uhttps://search.ebscohost.com/login.asp?profile=absees
=852  41$aBritish Library$bHMNTS$je-media
=957  \\$a030408p
=985  \\$aRecord merged by DQ team; GC 25/8/21 overwritten by derived record to update title etc - unable to view resource from home, so data accepted as is, as OCLC has updated it only recently.
=985  \\$aUpdated by MS generated file for WR2302-017
=CAT  \\$aCONV$b00$c20040425$lBLL90$h0720
=CAT  \\$aCONV$b00$c20040502$lBLL01$h1509
=CAT  \\$a6550$b40$c20051115$lBLL01$h1049
=CAT  \\$a6550$b40$c20051115$lBLL01$h1202
=CAT  \\$aBATCH-UPD$b40$c20131021$lBLL01$h1142
=CAT  \\$a3072$b40$c20210825$lBLL01$h1505
=CAT  \\$aW2302-0174$c20230223$lBLL01$h1952
=FIN  \\$aY
=LEO  \\$aMP13.0000121520
=SRC  \\$aHSS01$bbibmp13.200404.2.aa
=SRC  \\$aDSS02$bbibh.200404.2.aa
=SRC  \\$aBLL02
=STA  \\$aSUPPRESSED$bDatabase
=TCO  \\$aTRS$bCCC$c008
=LAS  \\$aW2302-0174$b00$c20230223$lBLL01$h1952

