=LDR  02210 ai a2200613 a 4500
=001  007196445
=003  Uk
=005  20120316125050.0
=006  m\\\\\\\\d\|\\\\\\
=007  cr||||||||||||
=008  040416c199u9999xxuuu\d\sa\\\\0\\\a2eng\\
=FMT  \\$a  SE
=015  \\$aGBA538949$2bnb
=040  \\$aUk$beng$cUk$dUk
=042  \\$aukblsr
=082  04$a610$222
=130  0\$aEmbase (Online)
=245  10$aEmbase$h[electronic resource].
=260  \\$a[New York, N.Y. ;$aLondon :$bOvid Technologies]
=336  \\$atext$2rdacontent
=337  \\$acomputer$2rdamedia
=338  \\$aonline resource$2rdacarrier
=538  \\$aMode of access: World Wide Web.
=580  \\$aPreviously published in print and CD-ROM versions.
=520  \\$aA medical database with particularly good coverage of drug literature. The emphasis is on European sources.
=500  \\$aPublished in association with Elsevier.
=500  \\$aTitle from database selection screen (viewed on 4 May. 2005).
=650  \0$aMedicine$xPeriodicals$vAbstracts.
=650  \0$aMedicine$xPeriodicals$vIndexes.
=650  \0$aPharmacology$vAbstracts.
=650  \0$aPharmacology$vIndexes.
=787  1\$tEmbase (CD-ROM)
=856  40$uhttp://web5.silverplatter.com/webspirs/start.ws
=852  41$aBritish Library$bSTI$je-media
=A02  \\$a1452243$z52243
=CAT  \\$aCONV$b00$c20040425$lBLL90$h0713
=CAT  \\$aCONV$b00$c20040502$lBLL01$h1212
=CAT  \\$a3072$b40$c20050504$lBLL01$h1534
=CAT  \\$a3072$b40$c20050504$lBLL01$h1541
=CAT  \\$a3072$b40$c20050608$lBLL01$h1713
=CAT  \\$a3072$b40$c20050714$lBLL01$h1519
=CAT  \\$a3072$b40$c20050721$lBLL01$h1713
=CAT  \\$aBATCH$b00$c20091207$lBLL01$h0417
=CAT  \\$aBATCH$b00$c20091214$lBLL01$h0222
=CAT  \\$aBATCH$b00$c20091216$lBLL01$h0042
=CAT  \\$a3072$b40$c20120316$lBLL01$h1250
=CAT  \\$aBATCH-UPD$b40$c20131021$lBLL01$h1141
=CAT  \\$aWR14_140$c20140905$lBLL01$h1714
=FIN  \\$aY$d20050714
=LKR  \\$aPAR$b007196386$lBLL01$r787$mEmbase (Online)$nEmbase (CD-ROM)
=SRC  \\$aDSS03$bbibsr.200404.2.aa
=STA  \\$aSUPPRESSED$bDatabase
=TCO  \\$aTRS$bCCC$c008
=LAS  \\$aWR14_140$b00$c20140905$lBLL01$h1714

