=LDR  02845 ai a2200769 a 4500
=001  007032691
=003  Uk
=005  20200331105725.0
=006  m\\\\\\\\d\|\\\\\\
=007  cr||||||||||||
=008  031106c199u9999enk\x\d\o\i\\\0\\\a2mul\\
=FMT  \\$a  SE
=015  \\$aGBA340922$2bnb
=019  y\$abA340922
=019  9\$abA340922
=019  0\$as686533003
=022  0\$a2634-2103$202
=039  0\$a2767
=040  \\$aUk$cUk$dUk
=042  \\$aissnuk
=082  04$a610.5$221
=130  0\$aAMED (Online)
=222  \0$aAMED
=245  10$aAMED$h[electronic resource].
=246  3\$aAllied and complementary medicine database
=260  \\$a[Boston Spa, England] :$bBritish Library
=336  \\$atext$2rdacontent
=337  \\$acomputer$2rdamedia
=338  \\$aonline resource$2rdacarrier
=500  \\$aProduced by: British Library, Health Care Information Service.
=500  \\$aTitle from database selection screen (viewed on 3 June 2003).
=520  \\$aCovers journal articles on allied and alternative health. Subjects covered include: acupuncture, homeopathy, hypnosis, chiropractic, osteopathy, rehabilitation, herbalism, holistic treatments, Chinese medicine, occupational therapy, physiotherapy, podiatry. Coverage: 1985-
=530  \\$aAlso available in CD-ROM format.
=538  \\$aMode of access: World Wide Web.
=580  \\$aPreviously issued in print as: Complementary medicine index.
=650  \0$aAlternative medicine$vIndexes.
=650  \0$aAlternative medicine$vAbstracts.
=650  \0$aComplementary therapies$vIndexes.
=650  \0$aComplementary therapies$vAbstracts.
=710  2\$aBritish Library.$bHealth Care Information Service.
=710  2\$aOvid Technologies, Inc.
=780  10$tComplementary medicine index$x0950-6667
=856  4\$uhttps://www.ovid.com/product-details.12.html
=852  41$aBritish Library$bSTI$je-media
=957  \\$a030603p
=985  \\$aRecord merged by DQ team
=CAT  \\$aCONV$b00$c20040425$lBLL90$h0531
=CAT  \\$aCONV$b00$c20040502$lBLL01$h1207
=CAT  \\$a6550$b40$c20051115$lBLL01$h1423
=CAT  \\$aUE-01$b00$c20060110$lBLL01$h1951
=CAT  \\$a3072$b40$c20120315$lBLL01$h1628
=CAT  \\$a3072$b40$c20120315$lBLL01$h1634
=CAT  \\$a3072$b40$c20120316$lBLL01$h0956
=CAT  \\$aBATCH-UPD$b40$c20131021$lBLL01$h1141
=CAT  \\$aWR14_140$c20140905$lBLL01$h1709
=CAT  \\$a10806$b40$c20200331$lBLL01$h1048
=CAT  \\$a10806$b40$c20200331$lBLL01$h1055
=CAT  \\$a10806$b40$c20200331$lBLL01$h1057
=FIN  \\$aY
=LEO  \\$aMP5.0000022533
=LEO  \\$aMP25.0000364216
=SRC  \\$aBNB03$bbibmp5.200404.2.aa
=SRC  \\$aDSS03$bbibsr.200404.2.aa
=SRC  \\$aSRI01$bbibmp25.200404.2.aa
=STA  \\$aSUPPRESSED$bDatabase
=TCO  \\$aCLA$bCLA$c008
=LAS  \\$a10806$b40$c20200331$lBLL01$h1057

