=LDR  02654cai a2200697 a 4500
=001  007032796
=003  Uk
=005  20221025144234.0
=006  m\\\\\\\\d\|\\\\\\
=007  cr||||||||||||
=008  031111c199u9999enkmr\d\s\ai\\0\\\a2eng\\
=FMT  \\$a  SE
=015  \\$aGBA342084$2bnb
=019  y\$abA342084
=019  9\$abA342084
=019  0\$as694573000
=022  \\$a2617-5312
=039  0\$a2768
=040  \\$aUk$beng$cUk$dUk$erda
=082  04$a664.005$221
=130  0\$aFood science and technology abstracts (Online)
=222  \0$aFood science and technology abstracts$b(Online)
=245  10$aFood science and technology abstracts$h[electronic resource] :$bFSTA.
=246  3\$aFSTA
=260  \\$a[New York ;$aLondon (Merlin House, 20 Belmont Terrace, Chiswick, W4 5UG]) :$bOvid Technologies
=310  \\$aUpdated monthly
=336  \\$atext$2rdacontent
=337  \\$acomputer$2rdamedia
=338  \\$aonline resource$2rdacarrier
=500  \\$aProduced by: International Food Information Service.
=500  \\$aTitle from database selection screen (viewed 6 June 2003).
=520  \\$aCovers food sciences, food products and food processing, including journal articles, books, conferences, reports, patents and legislation.
=530  \\$aAlso available in print and CD-ROM formats.
=538  \\$aMode of access: World Wide Web.
=650  \0$aFood industry and trade$vAbstracts$vPeriodicals.
=710  2\$aInternational Food Information Service.
=776  08$iAlso issued in print as:$tFood science and technology abstracts$x0015-6574
=776  08$iAlso issued as a PDF:$tFood science and technology abstracts
=856  40$uhttp://www.bl.uk/cgi-bin/eresources.pl?http://ovidsp.ovid.com/autologin.cgi
=856  40$uhttp://web5.silverplatter.com/webspirs/start
=852  41$aBritish Library$bSTI$je-media
=957  \\$a030606p
=985  \\$aRecord merged by DQ team
=CAT  \\$aCONV$b00$c20040425$lBLL90$h0531
=CAT  \\$aCONV$b00$c20040502$lBLL01$h1207
=CAT  \\$a6550$b40$c20051116$lBLL01$h1502
=CAT  \\$a3072$b40$c20120316$lBLL01$h1213
=CAT  \\$a11279$b40$c20130516$lBLL01$h1429
=CAT  \\$aBATCH-UPD$b40$c20131021$lBLL01$h1141
=CAT  \\$aWR14_140$c20140905$lBLL01$h1710
=CAT  \\$a10806$b40$c20211011$lBLL01$h1314
=CAT  \\$a3072$b40$c20221025$lBLL01$h1442
=FIN  \\$aY
=LEO  \\$aMP5.0000022682
=LEO  \\$aMP25.0000371196
=SRC  \\$aBNB03$bbibmp5.200404.2.aa
=SRC  \\$aSRI01$bbibmp25.200404.2.aa
=SRC  \\$aDSS03$bbibsr.200404.2.aa
=STA  \\$aSUPPRESSED$bDatabase
=TCO  \\$aCLA$bCLA$c008
=LAS  \\$a3072$b40$c20221025$lBLL01$h1442

