=LDR  01989 ai a2200601 a 4500
=001  007032799
=003  Uk
=005  20120316095915.0
=006  m\\\\\\\\d\|\\\\\\
=007  cr||||||||||||
=008  031111c199u9999enkmr\d\s\a\\\0\\\a2eng\\
=FMT  \\$a  SE
=015  \\$aGBA342103$2bnb
=019  y\$abA342103
=019  9\$abA342103
=019  0\$as694570001
=039  0\$a2768
=040  \\$aUk$cUk$dUk
=082  04$a016.551$221
=130  0\$aGeoRef (Online)
=245  10$aGeoRef$h[electronic resource].
=260  \\$a[New York ;$aLondon (Merlin House, 20 Belmont Terrace, Chiswick, W4 5UG]) :$bOvid Technologies.
=310  \\$aUpdated monthly
=336  \\$atext$2rdacontent
=337  \\$acomputer$2rdamedia
=338  \\$aonline resource$2rdacarrier
=500  \\$aProduced by: American Geological Institute.
=500  \\$aTitle from database selection screen (viewed 6 June 2003).
=520  \\$aCovers worldwide technical literature on geology and geophysics.
=530  \\$aAlso available in CD-ROM format.
=538  \\$aMode of access: World Wide Web.
=650  \0$aGeology$vIndexes$vPeriodicals.
=710  2\$aAmerican Geological Institute.
=856  40$uhttp://web5.silverplatter.com/webspirs/start
=852  41$aBritish Library$bSTI$je-media
=957  \\$a030606p
=985  \\$aRecord merged by DQ team
=CAT  \\$aCONV$b00$c20040425$lBLL90$h0531
=CAT  \\$aCONV$b00$c20040502$lBLL01$h1207
=CAT  \\$a6550$b40$c20051118$lBLL01$h1457
=CAT  \\$a3072$b40$c20120315$lBLL01$h1658
=CAT  \\$a3072$b40$c20120316$lBLL01$h0959
=CAT  \\$aBATCH-UPD$b40$c20131021$lBLL01$h1141
=CAT  \\$aWR14_140$c20140905$lBLL01$h1710
=FIN  \\$aY
=LEO  \\$aMP5.0000022686
=LEO  \\$aMP25.0000371193
=SRC  \\$aBNB03$bbibmp5.200404.2.aa
=SRC  \\$aSRI01$bbibmp25.200404.2.aa
=SRC  \\$aDSS03$bbibsr.200404.2.aa
=STA  \\$aSUPPRESSED$bDatabase
=TCO  \\$aCLA$bCLA$c008
=LAS  \\$aWR14_140$b00$c20140905$lBLL01$h1710

