=LDR  02299 ai a2200649 a 4500
=001  007032814
=003  Uk
=005  20120316100032.0
=006  m\\\\\\\\d\|\\\\\\
=007  cr||||||||||||
=008  031111c199u9999enkmr\d\s\\\\\0\\\a2eng\\
=FMT  \\$a  SE
=015  \\$aGBA342827$2bnb
=019  y\$abA342827
=019  9\$abA342827
=019  0\$as69457600x
=039  0\$a2768
=040  \\$aUk$cUk$dUk
=082  04$a624.05$221
=130  0\$aICONDA (Online)
=245  10$aICONDA$h[electronic resource].
=260  \\$a[New York ;$aLondon (Merlin House, 20 Belmont Terrace, Chiswick, W4 5UG]) :$bOvid Technologies.
=310  \\$aUpdated monthly
=336  \\$atext$2rdacontent
=337  \\$acomputer$2rdamedia
=338  \\$aonline resource$2rdacarrier
=500  \\$aProduced by: Fraunhofer-Informationszentrum Raum und Bau (IRB)
=500  \\$aTitle from database selection screen (viewed 11 June 2003).
=520  \\$aThe CIB International Construction Database covering all forms of building construction, architecture and planning.
=530  \\$aAlso available in CD-ROM format.
=538  \\$aMode of access: World Wide Web.
=597  \\$aEnhanced$bSRIS DDC
=650  \0$aBuilding$vAbstracts$vPeriodicals.
=650  \0$aStructural engineering$vAbstracts$vPeriodicals.
=650  \0$aArchitecture$vAbstracts$vPeriodicals.
=650  \0$aCity planning$vAbstracts$vPeriodicals.
=710  2\$aFraunhofer-Gesellschaft.$bInformationszentrum Raum und Bau.
=856  40$uhttp://web5/silverplatter.com/webspirs/start
=852  41$aBritish Library$bSTI$je-media
=957  \\$a030611p
=985  \\$aRecord merged by DQ team
=CAT  \\$aCONV$b00$c20040425$lBLL90$h0531
=CAT  \\$aCONV$b00$c20040502$lBLL01$h1207
=CAT  \\$a6550$b40$c20051221$lBLL01$h1441
=CAT  \\$a3072$b40$c20120315$lBLL01$h1708
=CAT  \\$a3072$b40$c20120316$lBLL01$h1000
=CAT  \\$aBATCH-UPD$b40$c20131021$lBLL01$h1141
=CAT  \\$aWR14_140$c20140905$lBLL01$h1710
=FIN  \\$aY
=LEO  \\$aMP5.0000022722
=LEO  \\$aMP25.0000371199
=SRC  \\$aDSS03$bbibsr.200404.2.aa
=SRC  \\$aBNB03$bbibmp5.200404.2.aa
=SRC  \\$aSRI01$bbibmp25.200404.2.aa
=STA  \\$aSUPPRESSED$bDatabase
=TCO  \\$aCLA$bCLA$c008
=LAS  \\$aWR14_140$b00$c20140905$lBLL01$h1710

