=LDR  02557 ai a2200673 a 4500
=001  007032819
=003  Uk
=005  20120316100006.0
=006  m\\\\\\\\d\|\\\\\\
=007  cr||||||||||||
=008  031111c199u9999enkmr\d\s\ai\\0\\\a2eng\\
=FMT  \\$a  SE
=015  \\$aGBA342918$2bnb
=019  y\$abA342918
=019  9\$abA342918
=019  0\$as694575003
=019  0\$as694734004
=039  0\$a2768
=040  \\$aUk$cUk$dUk
=082  04$a615.105$221
=130  0\$aInternational pharmaceutical abstracts (Online)
=245  10$aInternational pharmaceutical abstracts$h[electronic resource].
=260  \\$a[New York ;$aLondon (Merlin House, 20 Belmont Terrace, Chiswick, W4 5UG]) :$bOvid Technologies
=310  \\$aUpdated monthly
=336  \\$atext$2rdacontent
=337  \\$acomputer$2rdamedia
=338  \\$aonline resource$2rdacarrier
=500  \\$aProduced by: American Society of Health-System Pharmacists.
=500  \\$aTitle from database selection screen (viewed 11 June 2003).
=520  \\$aIncludes clinical and technical drug information, pharmacy practice and pharmaceutical information.
=530  \\$aAlso available in print and CD-ROM formats.
=538  \\$aMode of access: World Wide Web.
=597  \\$aEnhanced$bSRIS DDC
=650  \0$aDrugs$vAbstracts$vPeriodicals.
=650  \0$aPharmacy$vAbstracts$vPeriodicals.
=650  \0$aPharmacology$vAbstracts$vPeriodicals.
=710  2\$aAmerican Society of Health-System Pharmacists.
=856  40$uhttp://web5.silverplatter.com/webspirs/start
=886  2\$2ukmarc$a910$b20$aASHP$xSee$aAmerican Society of Health-System Pharmacists$z710
=886  2\$2ukmarc$a910$b20$aAmerican Society of Hospital Pharmacists$xSee also$aAmerican Society of Health-System Pharmacists$z710
=852  41$aBritish Library$bSTI$je-media$30000- ; Current update only.
=957  \\$a030611p
=CAT  \\$aCONV$b00$c20040425$lBLL90$h0531
=CAT  \\$aCONV$b00$c20040502$lBLL01$h1207
=CAT  \\$aBATCH$b00$c20091118$lBLL01$h2217
=CAT  \\$a3072$b40$c20120315$lBLL01$h1702
=CAT  \\$a3072$b40$c20120315$lBLL01$h1703
=CAT  \\$a3072$b40$c20120316$lBLL01$h1000
=CAT  \\$aBATCH-UPD$b40$c20131021$lBLL01$h1141
=CAT  \\$aWR14_140$c20140905$lBLL01$h1710
=FIN  \\$aY
=LEO  \\$aMP5.0000022733
=LEO  \\$aMP25.0000371198
=LEO  \\$aMP25.0000371344
=SRC  \\$aBNB03$bbibmp5.200404.2.aa
=SRC  \\$aSRI01$bbibmp25.200404.2.aa
=STA  \\$aSUPPRESSED$bDatabase
=TCO  \\$aCLA$bCLA$c008
=LAS  \\$aWR14_140$b00$c20140905$lBLL01$h1710

