=LDR  02372 ai a2200661 a 4500
=001  007032929
=003  Uk
=005  20120316100736.0
=006  m\\\\\\\\d\|\\\\\\
=007  cr||||||||||||
=008  031106c200u9999xxuuu\d\s\ai\\0\\\a0eng\\
=FMT  \\$a  SE
=015  \\$aGBA344142$2bnb
=019  y\$abA344142
=019  9\$abA344142
=019  0\$as686816005
=039  0\$a2767
=040  \\$aUk$cUk$dUk
=082  04$a150$221
=130  0\$aPsycINFO (Online)
=245  10$aPsycINFO$h[electronic resource].
=246  3\$aPsyc INFO
=246  3\$aPsychINFO
=246  3\$aPsych INFO
=260  \\$a[New York, N.Y. ;$aLondon (Merlin House, 20 Belmont Terrace, Chiswick, W4 5UG) :$bOvid Technologies]
=336  \\$atext$2rdacontent
=337  \\$acomputer$2rdamedia
=338  \\$aonline resource$2rdacarrier
=500  \\$aPublished in association with the American Psychological Association.
=500  \\$aTitle from database selection screen (viewed on 13 June 2003).
=520  \\$aIndexes and abstracts of journal articles and book chapters in psychology and the psychological aspects of related disciplines. Covers journals from 1872 and books from 1987.
=530  \\$aAlso available on CD-ROM; available in part as the print publication: Psychological abstracts.
=538  \\$aMode of access: World Wide Web.
=650  \0$aPsychology$vIndexes.
=650  \0$aPsychology$vAbstracts.
=710  2\$aOvid Technologies, Inc.
=710  2\$aAmerican Psychological Association.
=730  0\$aPsychological abstracts,$x0033-2887.
=856  40$uhttp://web5silverplatter.com/webspirs/start.ws
=852  41$aBritish Library$bSTI$je-media
=957  \\$a030613p
=985  \\$aRecord merged by DQ team
=CAT  \\$aCONV$b00$c20040425$lBLL90$h0531
=CAT  \\$aCONV$b00$c20040502$lBLL01$h1207
=CAT  \\$a6550$b40$c20051109$lBLL01$h1331
=CAT  \\$a6550$b40$c20051109$lBLL01$h1411
=CAT  \\$a3072$b40$c20120316$lBLL01$h1007
=CAT  \\$aBATCH-UPD$b40$c20131021$lBLL01$h1141
=CAT  \\$aWR14_140$c20140905$lBLL01$h1710
=FIN  \\$aY
=LEO  \\$aMP5.0000022876
=LEO  \\$aMP25.0000364474
=SRC  \\$aBNB03$bbibmp5.200404.2.aa
=SRC  \\$aDSS03$bbibsr.200404.2.aa
=SRC  \\$aSRI01$bbibmp25.200404.2.aa
=STA  \\$aSUPPRESSED$bDatabase
=TCO  \\$aTRS$bCCC$c008
=LAS  \\$aWR14_140$b00$c20140905$lBLL01$h1710

