=LDR  02648 ai a2200673 a 4500
=001  007032936
=003  Uk
=005  20120316101544.0
=006  m\\\\\\\\d\|\\\\\\
=007  cr||||||||||||
=008  031107c19929999xxu||\d\s\i\\\0\\\a2eng\\
=FMT  \\$a  SE
=015  \\$aGBA344310$2bnb
=019  y\$abA344310
=019  9\$abA344310
=039  0\$a2767
=040  \\$aUk$cUk$dUk
=082  04$a016.3$221
=245  00$aPAIS$h[electronic resource].
=246  1\$iTitle for CSA Illumina platform:$aPAIS international
=246  3\$aPublic Affairs Information Service international
=260  \\$aDublin, Ohio :$bOCLC Public Affairs Information Service
=336  \\$atext$2rdacontent
=337  \\$acomputer$2rdamedia
=338  \\$aonline resource$2rdacarrier
=500  \\$aTitle from database selection screen (Ovid Technologies, viewed on 16 June 2003, and CSA Illumina platform, viewed on 21 July 2006).
=520  \\$aIndex to political, economic and social issues. Covers journal articles, research reports, books, conference papers and government documents worldwide. Consists of PAIS international (from 1972), and: PAIS periodicals/publishers.
=530  \\$aAlso available on CD-ROM, as: PAIS international, and in print format as: PAIS international in print (and its annual cumulation)
=538  \\$aMode of access: World Wide Web.
=650  \0$aSocial sciences$vIndexes.
=650  \0$aPolitical science$vIndexes.
=650  \0$aEconomics$vIndexes.
=710  2\$aOCLC Public Affairs Information Service.
=710  2\$aCambridge Scientific Abstracts, Inc.
=710  2\$aOvid Technologies, Inc.
=730  0\$aPAIS international,$x1064-4660.
=730  0\$aPAIS international in print,$x1051-4015.
=740  0\$aPAIS international.
=740  0\$aPAIS periodicals/publishers.
=856  40$uhttp://uk1.csa.com
=852  41$aBritish Library$bSTI$je-media
=985  \\$aRecord merged by DQ team
=CAT  \\$aCONV$b00$c20040425$lBLL90$h0531
=CAT  \\$aCONV$b00$c20040502$lBLL01$h1207
=CAT  \\$a6550$b40$c20051110$lBLL01$h0906
=CAT  \\$a3072$b40$c20060721$lBLL01$h0937
=CAT  \\$a3072$b40$c20060721$lBLL01$h1005
=CAT  \\$a3072$b40$c20060803$lBLL01$h1117
=CAT  \\$a11306$b40$c20061010$lBLL01$h0847
=CAT  \\$a3072$b40$c20120316$lBLL01$h1015
=CAT  \\$aBATCH-UPD$b40$c20131021$lBLL01$h1141
=CAT  \\$aWR14_140$c20140905$lBLL01$h1710
=FIN  \\$aY
=LEO  \\$aMP5.0000022891
=SRC  \\$aDSS03$bbibsr.200404.2.aa
=SRC  \\$aBNB03$bbibmp5.200404.2.aa
=STA  \\$aSUPPRESSED$bDatabase
=TCO  \\$aTRS$bCCC$c008
=LAS  \\$aWR14_140$b00$c20140905$lBLL01$h1710

