=LDR  02147 ai a2200577 a 4500
=001  005599205
=003  Uk
=005  20120316124600.0
=006  m\\\\\\\\d\|\\\\\\
=007  cr||||||||||||
=008  031106c199u9999enk||\d\s\ai\\0\\\|2eng\\
=FMT  \\$a  SE
=015  \\$aGBA344784$2bnb
=019  y\$abA344784
=019  9\$abA344784
=039  0\$a2767
=040  \\$aUk$cUk$dUk
=082  04$a610$221
=130  0\$aMedline (Online)
=245  10$aMedline$h[electronic resource].
=260  \\$a[New York, N.Y. ;$aLondon (Merlin House, 20 Belmont Terrace, Chiswick, W4 5UG) :$bOvid Technologies]
=336  \\$atext$2rdacontent
=337  \\$acomputer$2rdamedia
=338  \\$aonline resource$2rdacarrier
=500  \\$aCompiled by the National Library of Medicine.
=500  \\$aTitle from database selection screen (viewed on 18 June 2003).
=505  0\$aContains: Premedline on SilverPlatter, SilverPlatter Medline and SERFILE.
=520  \\$aProvides indexes and abstracts of journal articles on all aspects of medicine, including dentistry, nursing and veterinary medicine.
=530  \\$aAlso available on CD-ROM; available in part as the print publications: Index medicus, and: Cumulated index medicus.
=538  \\$aMode of access: World Wide Web.
=650  \0$aMedicine$vAbstracts.
=650  \0$aMedicine$vIndexes.
=710  2\$aOvid Technologies, Inc.
=710  2\$aNational Library of Medicine.
=730  0\$aIndex medicus,$x0019-3879.
=730  0\$aCumulated index medicus,$x0090-1423.
=856  40$uhttp://web5silverplatter.com/webspirs/start.ws
=852  41$aBritish Library$bSTI$je-media
=985  \\$aRecord merged by DQ team
=CAT  \\$aCONV$b00$c20040502$lBLL01$h1111
=CAT  \\$a6550$b40$c20051107$lBLL01$h1341
=CAT  \\$a3072$b40$c20120316$lBLL01$h1246
=CAT  \\$aBATCH-UPD$b40$c20131021$lBLL01$h1141
=CAT  \\$aWR14_140$c20140905$lBLL01$h1707
=FIN  \\$aY
=LEO  \\$aMP5.0000022955
=SRC  \\$aBNB03$bbibmp5.200404.2.aa
=SRC  \\$aDSS03$bbibsr.200404.2.aa
=STA  \\$aSUPPRESSED$bDatabase
=TCO  \\$aCLA$bCLA$c008
=LAS  \\$aWR14_140$b00$c20140905$lBLL01$h1707

