=LDR  06969cai a2201273 i 4500
=001  020040408
=003  Uk
=005  20230223171924.0
=006  m\\\\\o\\d\\\\\\\\
=007  cr\cn|||||||||
=008  050314c20059999be\uu\d\o\\\\\0\\\a2lat\d
=FMT  \\$a  SE
=020  \\$a9782503516554
=020  \\$a2503516556
=035  \\$a(OCoLC)58463592$z(OCoLC)976444183$z(OCoLC)992070218
=040  \\$aZCU$beng$cZCU$dIUL$dNOC$dOKU$dOCLCQ$dOCLCF$dOCLCO$dS3O$dOCLCQ$dOUN$dBUB$dCSAIL$dOCLCA$dDKC$dOCL$dGZM$dUEJ$dGZM$dOCL$dOCLCO$dIND$dOCLCO$dMNT$dUk$erda
=041  0\$alat$geng$gfre$gger$gita
=042  \\$aukblsr
=050  \4$aPA6105
=050  \4$aPA8101
=050  \4$aBR60
=082  04$a270.1$222
=130  0\$aLibrary of Latin texts (Online)
=245  10$aLibrary of Latin texts.
=246  1\$iAlso known as:$aLLT
=246  1\$iAlso known as:$aLibrary of Latin texts - online$f<October 25, 2022>
=246  1\$iAlso known as:$aLibrary of Latin texts complete
=246  1\$iFormerly known as:$aCETEDOC$f<October 25, 2022>
=246  1\$iFormerly known as:$aCetedoc library of Christian Latin texts
=246  1\$iFormerly known as:$aCLCLT
=264  \1$bBrepols.
=264  \1$a[Turnhout, Belgium] :$bBrepols
=300  \\$a1 online resource :$billustrations
=336  \\$atext$2rdacontent
=336  \\$atext$btxt$2rdacontent
=337  \\$acomputer$2rdamedia
=337  \\$acomputer$bc$2rdamedia
=338  \\$aonline resource$2rdacarrier
=338  \\$aonline resource$bcr$2rdacarrier
=347  \\$bHTML
=362  1\$aBegan in 2005.
=546  \\$aTexts in Latin; website portal available in English, French, German, and Italian.
=500  \\$aDeveloped and produced by the Centre "Traditio Litterarum Occidentalium" (CTLO).
=500  \\$aPart of Brepolis Latin, a cluster of databases relating to the study of Latin.
=500  \\$a"From 2021 onwards, we offer a single 'Library of Latin texts' ('LLT'), which joins the traditional databases 'LLT-A' and 'LLT-B' ... as part of a general evolution of enhanced integration and navigation between the Brepolis Latin databases"--About BREPOLiS, Library of Latin texts webpage, viewed on October 25, 2022.
=530  \\$aAlso issued on DVD-ROM and CD-ROM.
=520  \\$a"The LLT is the world's leading database for Latin texts, offering texts from the beginnings of Latin literature down to the present day. The texts which are incorporated are selected from the best editions available and established according to best contemporary scholarly practice. ... When the project was started in 1991, its purpose was to produce a database comprising the entirety of patristic and medieval Christian Latin literature. The new name 'Library of Latin texts,' adopted in 2002, refers to the expansion of the chronological limits that were originally set, as well as to the broadening of its horizon which now integrates the initial Christian outlook into a more encompassing cultural perspective. The current aim is to offer a database that continues to expand and wants to comprise Latin literature not only from the patristic and medieval periods but also from Antiquity and the early-modern and modern eras, across all genres."--$cAbout BREPOLiS, Library of Latin texts webpage, viewed on October 25, 2022.
=500  \\$aIncludes texts from: Acta sanctorum, Analecta Bollandiana, Analecta hymnica Medii Aevi, Corpus Berolinense, Corpus Christianorum--Continuatio Mediaevalis, Corpus scriptorum ecclesiasticorum Latinorum, Monumenta Germaniae historica, Monumenta Germaniae historica--Scriptores, Patrologia Latina, Corpus Christianorum--Series Apocryphorum, Corpus Christianorum--Series Latina, and Sources chrétiennes.
=588  \\$aDescription based on contents viewed on October 25, 2022; title from caption of search page.
=650  \0$aLatin literature.
=650  \0$aLatin literature, Medieval and modern.
=650  \0$aLatin language$vTexts.
=650  \0$aLatin language, Medieval and modern$vTexts.
=650  \0$aFathers of the church, Latin.
=650  \0$aChristian literature, Early$xLatin authors.
=650  \0$aChristian literature, Latin (Medieval and modern)
=650  \6$aLittérature latine.
=650  \6$aLittérature latine médiévale et moderne.
=650  \6$aLatin (Langue)$vTextes.
=650  \6$aLatin médiéval et moderne (Langue)$vTextes.
=650  \6$aPères de l'Église latins.
=650  \6$aLittérature chrétienne primitive$xAuteurs latins.
=650  \6$aLittérature chrétienne latine médiévale et moderne.
=650  \7$aChristian literature, Early$xLatin authors.$2fast$0(OCoLC)fst01766764
=650  \7$aChristian literature, Latin (Medieval and modern)$2fast$0(OCoLC)fst00859309
=650  \7$aFathers of the church, Latin.$2fast$0(OCoLC)fst00921932
=650  \7$aLatin language.$2fast$0(OCoLC)fst00993125
=650  \7$aLatin language, Medieval and modern.$2fast$0(OCoLC)fst00993284
=650  \7$aLatin literature.$2fast$0(OCoLC)fst00993331
=650  \7$aLatin literature, Medieval and modern.$2fast$0(OCoLC)fst00993349
=650  \7$aHistoria.$2sao
=650  \7$aLatin.$2sao
=655  \7$aDatabases.$2fast$0(OCoLC)fst01411643
=655  \7$aReference works.$2fast$0(OCoLC)fst01919963
=655  \7$aSources.$2fast$0(OCoLC)fst01423900
=655  \7$aTexts.$2fast$0(OCoLC)fst01423705
=710  2\$aCentre Traditio Litterarum Occidentalium,$econtributor.
=710  2\$aBrepols (Firm),$epublisher.
=730  0\$aActa sanctorum.
=730  0\$aAnalecta Bollandiana.
=730  0\$aAnalecta hymnica Medii Aevi.
=730  0\$aCorpus Berolinense
=730  0\$aCorpus Christianorum.$pContinuatio Mediaevalis.
=730  0\$aCorpus scriptorum ecclesiasticorum Latinorum.
=730  0\$aMonumenta Germaniae historica.
=730  0\$aMonumenta Germaniae historica.$pScriptores.
=730  0\$aPatrologia Latina (Database)
=730  0\$aCorpus Christianorum.$pSeries Apocryphorum.
=730  0\$aCorpus Christianorum.$pSeries Latina.
=730  0\$aSources chrétiennes.
=730  02$aLibrary of Latin texts.$nSeries A
=730  02$aLibrary of Latin texts.$nSeries B.
=740  02$aLLT-A.
=740  02$aLLT-B.
=773  0\$tBrepolis Latin.$dTurnhout [Belgium] : Brepols, 2005-
=787  0\$iCD-ROM version:$tLibrary of Latin texts
=787  0\$iDVD-ROM version:$tLibrary of Latin texts. Series A
=856  40$uhttp://clt.brepolis.net/llta/
=852  41$aBritish Library$bHMNTS$je-media
=985  \\$a"Order cancelled after 2022"; record upgraded when notified of cancellation.
=985  \\$aUpdated by MS generated file for WR2302-017
=CAT  \\$a10902$b40$c20201215$lBLL01$h1501
=CAT  \\$a3072$b40$c20221123$lBLL01$h1710
=CAT  \\$aBATCH-UPD$b40$c20221123$lBLL01$h1711
=CAT  \\$aW2302-0174$c20230223$lBLL01$h2049
=FIN  \\$aY$d20221123
=SID  \\$aZ39$bOCLC
=STA  \\$aSUPPRESSED$bDatabase
=LAS  \\$aW2302-0174$b00$c20230223$lBLL01$h2049

