=LDR  02451 ai a2200553 i 4500
=001  019753183
=003  Uk
=005  20200715160252.0
=006  m\\\\\\\\d\\\\\\\\
=007  cr||||||||||||
=008  170406c20169999enkux\d\\\\\\\0\\\a2eng\d
=FMT  \\$a  SE
=015  \\$aGBC086058$2bnb
=020  \\$a9781138641839
=020  \\$a1138641839
=035  \\$a(OCoLC)1005337710
=040  \\$aW2U$beng$cW2U$dOCLCO$dOCLCF$dUk$erda
=042  \\$aukblsr
=050  14$aHQ1122$b.H57
=082  04$a305.4209$223
=245  00$aHistory of feminism.
=246  33$aRoutledge history of feminism
=264  \1$a[Abingdon] :$bRoutledge
=300  \\$a1 online resource :$billustrations.
=336  \\$atext$btxt$2rdacontent
=336  \\$astill image$bsti$2rdacontent
=337  \\$acomputer$bc$2rdamedia
=338  \\$aonline resource$bcr$2rdacarrier
=490  1\$aRoutledge historical resources
=500  \\$aAcademic editor, Ann Heilmann.
=520  \\$aThis resource covers the fascinating subject of feminism over the long nineteenth century (1776-1928). It contains an extensive range of primary and secondary resources, including full books, selected chapters, and journal articles, as well as new thematic essays, and subject introductions on its structural themes: Politics and Law, Religion and Belief, Education, Literature and Writings, Women at Home, Society and Culture, Empire, Movements and Ideologies.
=588  \\$aDescription based on home page, viewed July 15, 2020.
=650  \0$aFeminism$xHistory$vDatabases.
=650  \0$aWomen$xSocial conditions$xHistory$vDatabases.
=650  \7$aFeminism.$2fast$0(OCoLC)fst00922671
=650  \7$aWomen$xSocial conditions.$2fast$0(OCoLC)fst01176947
=655  \7$aDatabases.$2fast$0(OCoLC)fst01411643
=655  \7$aHistory.$2fast$0(OCoLC)fst01411628
=700  1\$aHeilmann, Ann,$eeditor.
=830  \0$aRoutledge historical resources (Online)
=856  40$uhttps://www.routledgehistoricalresources.com/feminism/
=852  41$aBritish Library$bHMNTS$je-media
=985  \\$aVPN record; only able to view the home page, not able to search; 264 given as Routledge as that is prominent at head of resource, "c.Informa UK Ltd" at foot, Routledge is owned by them.
=CAT  \\$a10902$b40$c20200320$lBLL01$h1428
=CAT  \\$a3072$b40$c20200715$lBLL01$h1602
=FIN  \\$aY$d20200715
=SID  \\$aZ39$bOCLC
=STA  \\$aSUPPRESSED$bDatabase
=LAS  \\$a3072$b40$c20200715$lBLL01$h1602

