=LDR  03098cai a2200481 i 4500
=001  019804755
=003  Uk
=005  20230420140101.0
=006  m\\\\\|\\d\|\\\\\\
=007  cr\|||||||||||
=008  200609c20uu9999xxuuu\w\o\\\\\0\\\a2mul\\
=FMT  \\$a  SE
=040  \\$aUk$beng$cUk$erda
=041  \\$arus$beng
=042  \\$aukblsr
=082  04$a363.1799094777$223
=245  00$aThe Chernobyl collection :$bdocuments and maps: 1971-1991.
=264  \1$a[Minneapolis, MN] :$bEast View Information Services
=300  \\$a1 online resource
=336  \\$atext$2rdacontent
=337  \\$acomputer$2rdamedia
=338  \\$aonline resource$2rdacarrier
=500  \\$aThe collection initially ran under the name "Chernobyl Files: declassified documents of the Ukrainian KGB" and was expanded in 2023 under the name "The Chernobyl Collection. Documents and Maps" to include more than 70 maps.
=530  \\$aDocuments originally issued in print.
=546  \\$aWebsite in English, documents are in Russian and possibly other related languages.
=588  \\$aDescription based on contents viewed on April 20, 2023; title from home page.
=647  \7$aChernobyl Nuclear Accident$c(Chornobylʹ, Ukraine :$d1986)$0(OCoLC)fst00853649$2fast
=650  \7$aNuclear power plants.$2fast$0(OCoLC)fst01040436
=651  \7$aUkraine$zChornobylʹ.$2fast$0(OCoLC)fst01235729
=648  \7$a1986$2fast
=655  \7$aDatabases.$2fast$0(OCoLC)fst01411643
=740  4\$aThe Chernobyl files: declassified documents of the Ukrainian KGB
=740  0\$aExtension to Chernobyl files declassified documents of the Ukrainian KGB (DA-CHE)
=856  40$uhttps://dlib.eastview.com/browse/books/5090#/
=852  41$aBritish Library$bHMNTS$je-media
=985  \\$aI think this is new product, initially running parallel to to the Chernobyl files. Publisher email says the files one will expire 30 June 2023. As of 20/4/23 both can be accessed (https://dlib.eastview.com/browse/publication/72290/udb/2730/the-chernobyl-files + 856 above), which suggest this one absorbs or replaces the former? Publisher says it is an "expanded and upgraded version". Publisher reply to Emma: "I can confirm that The Chernobyl Collection: Documents and Maps (EB-CHER) is the updated name for the Extension to Chernobyl Files Declassified Documents of the Ukrainian KGB (DA-CHE). EB-CHER includes all documents from DA-CHE (purchased on invoice 10257150), as well as the documents purchased in the extension (on invoice 20042785). All content purchased will still be available to access via The Chernobyl Collection: Documents and Maps (EB-CHER) after 30 June 2023". Decided on upgrading Chernobyl files record for the Chernobyl collection and adding 740 - rather than doing 2 records, as there's some uncertainty as to the exact relationship.
=CAT  \\$a10902$b40$c20200609$lBLL01$h1029
=CAT  \\$a10902$b40$c20200825$lBLL01$h1126
=CAT  \\$a3072$b40$c20230420$lBLL01$h1256
=CAT  \\$a3072$b40$c20230420$lBLL01$h1401
=FIN  \\$aY$d20230420
=STA  \\$aSUPPRESSED$bDatabase
=LAS  \\$a3072$b40$c20230420$lBLL01$h1401

