=LDR  06578 ai a2200841 i 4500
=001  019804760
=003  Uk
=005  20200722111625.0
=006  m\\\\\o\\d\\\\\\\\
=007  cr\u||||||||||
=008  130108c20129999miuuu\dso\\\\\0\\\a2eng\d
=FMT  \\$a  SE
=035  \\$a(OCoLC)823653367
=040  \\$aCSJ$beng$cCSJ$dSTF$dOCLCF$dOCLCO$dOCLCA$dOCL$dOCLCQ$dOCLCA$dCOO$dOCL$dINT$dOCLCQ$dMTH$dZCU$dOCL$dCUS$dUk$erda
=042  \\$aukblsr
=043  \\$an-us---
=050  \4$aHQ1150
=245  00$aProQuest history vault.$pStruggle for women's rights, organizational records, 1880-1990.
=246  30$aHistory vault.$pStruggle for women's rights, organizational records, 1880-1990
=246  1\$aStruggle for women's rights, organizational records, 1880-1990
=246  1\$aProQuest history vault.$nModule 9
=264  \1$a[Ann Arbor] :$bProQuest,$c[2012]-
=300  \\$a1 online resource
=336  \\$atext$btxt$2rdacontent
=337  \\$acomputer$bc$2rdamedia
=338  \\$aonline resource$bcr$2rdacarrier
=520  \\$aThis database documents the lives and activism of American women throughout the 19th and 20th centuries including three important women's rights organizations: the National Woman's Party (NWP), the League of Women Voters, and the Women's Action Alliance.
=520  \\$aThis database documents the lives and activism of American women throughout the 19th and 20th centuries including three important women's rights organizations: the National Woman's Party (NWP), the League of Women Voters, and the Women's Action Alliance. Originally a committee of the National American Woman Suffrage Association (NAWSA), the National Woman's Party (NWP) was founded in 1913 when Alice Paul and her colleagues broke away from NAWSA in dissent over strategy and tactics. The Women's Action Alliance, established in 1971 as a grass-roots organization, concerned itself with issues such as employment and employment discrimination, childcare, health care, and education. The League of Women Voters collection documents almost every facet of women's involvement in U.S. politics from 1920 to 1974.
=505  0\$aNational Woman's Party papers, Part I: 1913-1974, Series 1: Correspondence, Section A-C: 1877-1974 -- National Woman's Party papers, Part I: 1913-1974, Series 2: Minutes, Legal Papers, and Financial Records, 1912-1972 -- National Woman's Party Papers, Part I: 1913-1974, Series 3: Printed Materials, 1850-1972 -- National Woman's Party Papers, Part I: 1913-1974, Series 4: World Woman's Party Papers, 1938-1958 -- National Woman's Party Papers, Part II: The Suffrage Years, 1913-1920, Series 1: Correspondence, 1891-1940: Section A, 1891-1915 -- National Woman's Party Papers, Part II: The Suffrage Years, 1913-1920, Series 1: Correspondence, 1891-1940: Section B, 1916-1917 -- National Woman's Party Papers, Part II: The Suffrage Years, 1913-1920, Series 1: Correspondence, 1891-1940: Section C, 1917-1940 -- National Woman's Party Papers, Part II: The Suffrage Years, 1913-1920, Series 2: Administrative Files, Printed Matter, and Photographs, 1889-1936.Papers of the League of Women Voters, 1918-1974, Part I: Meetings of the Board of Directors and the Executive Committees, Minutes and Related Documents, 1918-1974 -- Papers of the League of Women Voters, 1918-1974, Part II, Series A-B: Transcripts and Records of National Conventions, 1919-1974, and of General Councils, 1927-1973 -- Papers of the League of Women Voters, 1918-1974, Part III, Series A: National Office Subject Files, 1920-1932 -- Women's Action Alliance, Part 1: Administration--General, Board of Directors, and Executive Director, 1971-1996 -- Women's Action Alliance, Part 2: Administration--Publicity and Public Education, WAA Staff, Financial Records, and Development and Fundraising, 1971-1996 -- Women's Action Alliance, Part 3: Economics Projects, 1977-1986 -- Women's Action Alliance, Part 4: Education Projects, 1972-1991 -- Women's Action Alliance, Part 5: Health Projects, 1985-1996 -- Women's Action Alliance, Part 6: Coalitions, 1975-1991.Women's Action Alliance, Part 7: Information Services, 1973-1980 -- Women's Action Alliance, Part 8: Library, Publications, and Photographs, 1972-1995.
=506  \\$aAccess limited to subscribers.
=588  \\$aTitle from home page (publisher's web site, viewed on July 22, 2020).
=610  20$aNational Woman's Party$vArchives.
=610  20$aNational Woman's Party$xHistory$vSources.
=610  20$aWomen's Action Alliance$vArchives.
=610  20$aWomen's Action Alliance$xHistory$vSources.
=610  20$aLeague of Women Voters (U.S.)$vArchives.
=610  20$aLeague of Women Voters (U.S.)$xHistory$vSources.
=610  27$aLeague of Women Voters (U.S.)$2fast$0(OCoLC)fst00540071
=610  27$aNational Woman's Party$2fast$0(OCoLC)fst00550223
=610  27$aWomen's Action Alliance$2fast$0(OCoLC)fst00534274
=650  \0$aWomen's rights$zUnited States$xHistory.
=650  \0$aWomen$xSuffrage$zUnited States$xHistory.
=650  \0$aVietnam War, 1961-1975$zUnited States$vSources.
=650  \7$aWomen$xSuffrage.$2fast$0(OCoLC)fst01176996
=650  \7$aWomen's rights.$2fast$0(OCoLC)fst01178818
=651  \7$aUnited States.$2fast$0(OCoLC)fst01204155
=647  \7$aVietnam War$d(1961-1975)$0(OCoLC)fst01431664$2fast
=648  \7$a1961-1975$2fast
=655  \7$aArchives.$2fast$0(OCoLC)fst01423700
=655  \7$aHistory.$2fast$0(OCoLC)fst01411628
=655  \7$aSources.$2fast$0(OCoLC)fst01423900
=655  \0$aElectronic reference sources.
=710  2\$aProQuest (Firm)
=710  2\$aNational Woman's Party.
=710  2\$aWomen's Action Alliance.
=710  2\$aLeague of Women Voters (U.S.)
=730  02$aNational Woman's Party papers, 1913-1974.
=730  02$aNational Woman's Party papers : the Suffrage years, 1913-1920.
=730  02$aPapers of the League of Women Voters, 1918-1974.
=730  02$aWomen's Action Alliance.
=856  40$uhttp://search.proquest.com/historyvault/index/?accountid=10226
=856  40$uhttp://proquest.libguides.com/historyvault/womens_rights_organizational_records
=852  41$aBritish Library$bHMNTS$je-media
=985  \\$aDerived/catalogued via VPN July 2020.
=CAT  \\$a10902$b40$c20200609$lBLL01$h1330
=CAT  \\$a3072$b40$c20200721$lBLL01$h1812
=CAT  \\$a3072$b40$c20200722$lBLL01$h1110
=CAT  \\$a3072$b40$c20200722$lBLL01$h1114
=CAT  \\$a3072$b40$c20200722$lBLL01$h1116
=FIN  \\$aY$d20200722
=SID  \\$aZ39$bOCLC
=STA  \\$aSUPPRESSED$bDatabase
=LAS  \\$a3072$b40$c20200722$lBLL01$h1116

