=LDR  03206cai a2200721 i 4500
=001  019860313
=003  Uk
=005  20231004113632.0
=006  m\\\\\o\\d\\\\\\\\
=007  cr\un|||||||||
=008  050614c200u9999miuuu\neo\\\\\0\\\a2eng\d
=FMT  \\$a  SE
=035  \\$a(OCoLC)780956098$z(OCoLC)649765605
=040  \\$aLGG$beng$cLGG$dOCLCQ$dTXA$dCUI$dCGU$dVTU$dOCLCO$dNUI$dWAU$dOCLCF$dOCLCQ$dOCLCO$dOCLCQ$dOCLCA$dRCE$dDKC$dOCLCO$dOCL$dUk
=042  \\$aukblsr
=043  \\$ae-uk-en
=050  14$aDA690.M4$bG83
=082  04$a072$223
=245  00$aProQuest historical newspapers.$pThe guardian and The observer (with The observer magazine).
=246  30$aGuardian (1821-2003) and The observer (1791-2003)
=246  30$aObserver (1791-2003)
=246  30$aObserver Magazine (1964-2003)
=247  10$aProQuest historical newspapers.$pThe guardian (1821-2003) and The observer (1791-2003)$f<Mar. 4, 2014>
=247  10$aProQuest historical newspapers.$pThe guardian and The observer$f<July 29, 2020>
=260  \\$a[Ann Arbor, Mich.] :$bProQuest.
=300  \\$a1 online resource.
=336  \\$atext$2rdacontent
=337  \\$acomputer$2rdamedia
=338  \\$aonline resource$2rdacarrier
=362  1\$aBegan in 2000s?
=520  \\$aContains full text of The guardian, including all title variants (Manchester guardian, 1821-1825 and 1828-1959; Manchester guardian and British volunteer, 1825-1828; Guardian, 1959-2003), The observer (1791-2003), and The observer magazine 1964-2003.
=538  \\$aMode of access: World Wide Web.
=588  0\$aVersion viewed October 4, 2023; title from search screen.
=651  \0$aManchester (England)$vNewspapers.
=651  \0$aLondon (England)$vNewspapers.
=651  \7$aEngland$zLondon.$2fast$0(OCoLC)fst01204271
=651  \7$aEngland$zManchester.$2fast$0(OCoLC)fst01212972
=655  \7$aDatabases.$2fast$0(OCoLC)fst01411643
=655  \7$aNewspapers.$2fast$0(OCoLC)fst01423814
=710  2\$aProQuest (Firm)
=730  02$aManchester guardian (Manchester, England : 1821)
=730  02$aManchester guardian (Manchester, England : 1828)
=730  02$aManchester guardian and British volunteer.
=730  02$aGuardian (Manchester, England)
=730  02$aObserver (London, England)
=730  02$aObserver magazine.
=752  \\$aGreat Britain$bEngland$dManchester.
=752  \\$aGreat Britain$bEngland$dLondon.
=856  40$uhttp://search.proquest.com/hnpguardianobserver?accountid=12339
=856  40$uhttp://www.proquest.com/en-US/catalogs/databases/detail/pq-hist-news.shtml
=856  40$uhttp://ezproxy.rice.edu/login?url=https://search.proquest.com/hnpguardianobserver?accountid=7064
=852  41$aBritish Library$bHMNTS$je-media
=985  \\$aRecord derived for invoice processing purpose.
=985  \\$aUpdated by MS generated file for WR2302-017
=CAT  \\$a3072$b40$c20200729$lBLL01$h1613
=CAT  \\$a3072$b40$c20200729$lBLL01$h1617
=CAT  \\$aW2302-0174$c20230223$lBLL01$h2046
=CAT  \\$a3072$b40$c20231004$lBLL01$h1135
=CAT  \\$a3072$b40$c20231004$lBLL01$h1136
=FIN  \\$aY$d20200729
=SID  \\$aZ39$bOCLC
=STA  \\$aSUPPRESSED$bDatabase
=LAS  \\$a3072$b40$c20231004$lBLL01$h1136

