=LDR  04010cai a2200745 i 4500
=001  020391448
=003  Uk
=005  20231017163000.0
=006  m\\\\\o\\d\\\\\\\\
=007  cr\|||||||||||
=008  200721c20209999enkuu\doo\b\\\0\\\a2eng\c
=FMT  \\$a  SE
=010  \\$a  2020254021
=035  \\$a(OCoLC)1176301075
=040  \\$aCUS$beng$cCUS$dZCU$dIUL$dOCLCO$dOCL$dGZM$dUk$erda
=042  \\$aukblsr
=043  \\$ae-uk---
=050  14$aDA566.4
=082  04$a306.0941$223
=110  2\$aMass Observation Project,$eauthor.
=245  10$aMass Observation Project, 1981-2009.
=264  \1$aMarlborough, Wiltshire, England :$bAdam Matthew Digital,$c[2020-]
=300  \\$a1 online resource
=336  \\$atext$2rdacontent
=337  \\$acomputer$2rdamedia
=338  \\$aonline resource$2rdacarrier
=362  1\$aBegan in 2020.
=500  \\$aComplemented by: Mass observation online. [Marlborough, Wiltshire, England] : [Adam Matthew Digital] ; [Brighton] : [University of Sussex].
=500  \\$a"MO Mass Observation, Recording everyday life in Britain."
=505  0\$aContents: Module 1. 1980s -- Module 2. 1990s -- Module 3. 2000s.
=520  \\$aLaunched in 1981 by the University of Sussex as a rebirth of the original 1937 Mass Observation, its aim was to document the social history of Britain by recruiting volunteers to write about their lives and opinions. Still growing, it is one of the most important sources available for qualitative social data in the UK. This collection consists of the directives (questionnaires) sent out by Mass Observation in the 1980s and 1990s and the thousands of responses to them from the hundreds of Mass Observers. Topics covered are wide-ranging, from the deeply personal (sex, family) to everyday life (shopping, holidays), to global affairs. The digitized printed directives, prose responses to directives, newspaper cuttings, photographs, leaflets and other ephemera cover key themes in current affairs, family, home; leisure; politics, society, culture and the media, and work, finance and the economy. Source Archives is the Mass Observation Archive, University of Sussex [UK], Special Collections.
=588  0\$aContents viewed on October 1, 2023; title from search screen.
=610  20$aMass Observation Project$vDatabases.
=651  \0$aGreat Britain$xSocial life and customs$y20th century$vSources$vDatabases.
=651  \0$aGreat Britain$xSocial life and customs$y21st century$vSources$vDatabases.
=650  \0$aMass society$vSources$vDatabases.
=650  \0$aPopular culture$zGreat Britain$vSources$vDatabases.
=650  \0$aPolitical sociology$vSources$vDatabases.
=650  \0$aSocial psychology$zGreat Britain$vSources$vDatabases.
=650  \0$aPublic opinion$zGreat Britain$vSources$vDatabases.
=650  \7$aManners and customs.$2fast$0(OCoLC)fst01007815
=650  \7$aMass society.$2fast$0(OCoLC)fst01011430
=650  \7$aPolitical sociology.$2fast$0(OCoLC)fst01069877
=650  \7$aPopular culture.$2fast$0(OCoLC)fst01071344
=650  \7$aPublic opinion.$2fast$0(OCoLC)fst01082785
=650  \7$aSocial psychology.$2fast$0(OCoLC)fst01122816
=651  \7$aGreat Britain.$2fast$0(OCoLC)fst01204623
=648  \7$a1900-2099$2fast
=655  \0$aElectronic reference sources.
=655  \7$aDatabases.$2fast$0(OCoLC)fst01411643
=655  \7$aSources.$2fast$0(OCoLC)fst01423900
=710  2\$aAdam Matthew Digital (Firm),$eissuing body.
=710  2\$aUniversity of Sussex,$eissuing body.
=787  0\$tMass observation online
=856  40$uhttps://www.massobservationproject.amdigital.co.uk/
=852  41$aBritish Library$bHMNTS$je-media
=CAT  \\$a10902$b40$c20211116$lBLL01$h0917
=CAT  \\$a3072$b40$c20221103$lBLL01$h1656
=CAT  \\$a3072$b40$c20221108$lBLL01$h1432
=CAT  \\$a3072$b40$c20221221$lBLL01$h1256
=CAT  \\$a3072$b40$c20231017$lBLL01$h1630
=FIN  \\$aY$d20221108
=SRC  \\$aBLL02
=STA  \\$aSUPPRESSED$bDatabase
=LAS  \\$a3072$b40$c20231017$lBLL01$h1630

