=LDR  05072cai a2200865 i 4500
=001  020391551
=003  Uk
=005  20221124093402.0
=006  m\\\\\o\\d\\\\\\\\
=007  cr\|n|nnn|||||
=008  210408c20219999miuuu\d\o\\\\\0\\\b2eng\d
=FMT  \\$a  SE
=035  \\$a(OCoLC)1245477810
=040  \\$aQGQ$beng$cQGQ$dOUN$dOCLCO$dOCLCF$dWTU$dOCLCO$dZCU$dUk$erda
=042  \\$aukblsr
=043  \\$ae-uk---$ab------
=050  \4$aDA566.7$b.D43 2021x
=082  04$a327.124100904$223
=245  00$aDeclassified documents online :$btwentieth-century British Intelligence.
=246  30$aTwentieth-century British Intelligence
=246  3\$a20th-century British Intelligence
=264  \1$aFarmington Hills, Michigan :$bGale Cengage Learning,$c2021-
=300  \\$a1 online resource
=336  \\$atext$btxt$2rdacontent
=337  \\$acomputer$bc$2rdamedia
=338  \\$aonline resource$bcr$2rdacarrier
=362  1\$aBegan in 2021.
=490  0\$aGale primary sources.
=500  \\$a"Presented in collaboration with The National Archives."
=520  \\$a"[The resource] brings together files from five UK government departments to provide researchers with access to detailed, previously classified information on the intelligence services of Britain and her Empire throughout the twentieth century"
=520  \\$a"Britain began the twentieth century controlling vast regions of the world. The spheres of influence of the British government stretched from the UK and Ireland to mandates, protectorates and colonies in the Middle East and Africa, from the islands of the West Indies to British Malaya and Singapore in South East Asia, as well as to the sub-continent of India, and the self-governing Dominions of Canada, Australia, New Zealand and South Africa. Gathering, processing and analysing information from every corner of the globe during two world wars and the fragile peace that followed was a task that saw the development of a network of agencies and government departments, collecting the raw data of intelligence and funnelling it back to Whitehall and the central machinery of government. The resultant historical record of the twentieth century is uniquely broad and, today, uniquely accessible to researchers"--Home page.
=505  00$tCabinet Office --$tColonial Office --$tMinistry of Denfence --$tSpecial Operations Executive --$tThe Security Service.
=588  0\$aDescription based on online resource, viewed April 8, 2022; title from home page.
=650  \0$aIntelligence service$zGreat Britain$xHistory$y20th century$vSources.
=651  \0$aGreat Britain$xColonies$xHistory$y20th century$vSources.
=651  \0$aCommonwealth countries$xHistory$y20th century$vSources.
=651  \0$aGreat Britain$xHistory$y20th century$vSources.
=650  \0$aGovernment publications$zGreat Britain$vSources.
=650  \0$aGovernment information$zGreat Britain$vSources.
=650  \0$aSecurity classification (Government documents)$zGreat Britain$vSources.
=651  \0$aGreat Britain$xPolitics and government$y20th century$vSources.
=651  \0$aGreat Britain$xForeign relations$vSources.
=651  \6$aGrande-Bretagne$xHistoire$y20e siècle$vSources.
=650  \6$aPublications officielles$zGrande-Bretagne$vSources.
=650  \6$aInformation sur l'État$zGrande-Bretagne$vSources.
=650  \6$aClassification de sécurité (Documents gouvernementaux)$zGrande-Bretagne$vSources.
=651  \6$aGrande-Bretagne$xPolitique et gouvernement$y20e siècle$vSources.
=651  \6$aGrande-Bretagne$xRelations extérieures$vSources.
=650  \7$aDiplomatic relations.$2fast$0(OCoLC)fst01907412
=650  \7$aGovernment information.$2fast$0(OCoLC)fst00945364
=650  \7$aGovernment publications.$2fast$0(OCoLC)fst00945492
=650  \7$aIntelligence service.$2fast$0(OCoLC)fst00975848
=650  \7$aPolitics and government.$2fast$0(OCoLC)fst01919741
=650  \7$aSecurity classification (Government documents)$2fast$0(OCoLC)fst01110873
=651  \7$aGreat Britain.$2fast$0(OCoLC)fst01204623
=648  \7$a1900-1999$2fast
=653  \\$aDeclassified documents$aClassified documents$aGovernment documents
=655  \0$aElectronic information resources.
=655  \0$aElectronic reference resources.
=655  \7$aHistory.$2fast$0(OCoLC)fst01411628
=655  \7$aSources.$2fast$0(OCoLC)fst01423900
=710  2\$aNational Archives (Great Britain)
=773  0\$tGale primary sources.$dFarmington Hills, Michigan : Gale
=856  40$uhttps://link.gale.com/apps/TCBI?
=852  41$aBritish Library$bHMNTS$je-media
=985  \\$aModule 2 to be ordered and added to this record. To be upgraded when this is accessible GC 22/11/22.
=CAT  \\$a10902$b40$c20211116$lBLL01$h1148
=CAT  \\$a3072$b40$c20221122$lBLL01$h1547
=CAT  \\$a3072$b40$c20221122$lBLL01$h1606
=CAT  \\$a3072$b40$c20221123$lBLL01$h1644
=CAT  \\$a3072$b40$c20221124$lBLL01$h0934
=FIN  \\$aY$d20221122
=SID  \\$aZ39$bOCLC
=STA  \\$aSUPPRESSED$bDatabase
=LAS  \\$a3072$b40$c20221124$lBLL01$h0934

