=LDR  05380cai a2200901 i 4500
=001  020487292
=003  Uk
=005  20220222105546.0
=006  m\\\\\|\\d\|\\\\\\
=007  cr\|||||||||||
=008  220215c20219999enkuu\d\o\\\\\0\\\a2eng\\
=FMT  \\$a  SE
=040  \\$aUk$beng$cUk$erda
=042  \\$aukblsr
=082  04$a330.9$223
=245  00$aEIU viewpoint.
=246  1\$aEIU view
=246  3\$aEconomist Intelligence Unit viewpoint
=246  13$aViewpoint
=246  1\$iTitle on EIU order form:$aEIU viewpoint country analysis advanced global
=246  13$aCountry analysis advanced via EIU viewpoint
=246  13$aCountry analysis advanced global
=264  \1$a[London] :$bEconomist Intelligence Unit,$c[2021]-
=300  \\$a1 online resource
=336  \\$atext$2rdacontent
=337  \\$acomputer$2rdamedia
=338  \\$aonline resource$2rdacarrier
=520  \\$aGives access to: EIU viewpoint country analysis advanced global. Includes: Country Report- Global (189 countries), which examines and explains the important political, economic, market insights and commercial trends for a country over the next 2-5 years, which is a practical guide to a country's business regulations and business practices; Data and Analytical database of world-wide macroeconomic indicators and forecast values for 201 countries and 40 regional aggregates, with over 300 economic indicators per country. Gives access to headline economic indicators and forecasts as well as analysis of each country's economic health and prospects.
=588  \\$a"Country Analysis Advanced replaces Country Report, CountryData and Country Commerce" ... publisher information.$5Uk
=588  \\$aDescription based on online resource; title from login screen (viewed February 21, 2022).
=500  \\$a"Country Analysis Advanced replaces Country Report, CountryData and Country Commerce" ... publisher information.
=650  \0$aEconomic forecasting$vDatabases.
=650  \0$aCommerce$vDatabases.
=650  \0$aInternational economic relations$vDatabases.
=650  \0$aInternational finance$vDatabases.
=650  \0$aInternational business enterprises$vDatabases.
=650  \0$aInvestments, Foreign$vDatabases.
=650  \0$aCountry risk$vDatabases.
=650  \0$aEconomic surveys$vDatabases.
=650  \0$aWorld politics$vDatabases.
=650  \7$aCountry risk.$2fast$0(OCoLC)fst00881448
=650  \7$aEconomic surveys.$2fast$0(OCoLC)fst00902099
=650  \7$aInternational business enterprises.$2fast$0(OCoLC)fst00976774
=650  \7$aInternational economic relations.$2fast$0(OCoLC)fst00976891
=650  \7$aInternational finance.$2fast$0(OCoLC)fst00976945
=650  \7$aInvestments, Foreign.$2fast$0(OCoLC)fst00978370
=650  \7$aWorld politics.$2fast$0(OCoLC)fst01181381
=710  2\$aEconomist Intelligence Unit (Great Britain),$eissuing body.
=740  02$aOne-click report.
=740  02$aCommodity forecast.
=740  02$aAutomotive world outlook.
=740  02$aConsumer goods world outlook.
=740  02$aEnergy world outlook.
=740  02$aFinancial services world outlook.
=740  02$aIndustry forecast.
=740  02$aHealthcare world outlook.
=740  02$aTelecommunications world outlook.
=740  02$aBusiness environment outlook.
=740  02$aFive year forecast.
=856  40$uhttps://www.eiu.com/n/solutions/viewpoint/
=852  41$aBritish Library$bSTI$je-media
=985  \\$a"Country Analysis Advanced replaces Country Report, CountryData and Country Commerce. BvD CountryData is no longer available as the EIU and BVD relationship will be coming to a close in March 2022" - publisher information. Replaces 019197426, 012448328 & 007199494 possibly those were (also?) separate modules of a bigger previous EIU database - EIU.com? No links put in as exact relationships unclear & OCLC record has no links either. Unsure whether Country report and Country commerce also still available separately - or whether the "replacement" of these 2 is a re-jigging of our previous subscription arrangements.
=985  \\$aHave copied elements of OCLC record, but not derived it, as my chief source now has to be the login screen - but same end result with title as for the OCLC record. Decided on login screen because the home page, as I see it, is ambiguous. Login screen can be accessed via Google search. It is clearly still known as/referred to by the publisher as "EIU viewpoint". Have copied the Find it Resources summary instead of using the OCLC summary, as unsure whether our "Country Analysis Advanced via EIU Viewpoint" is exactly the same as the OCLC subscription. Probably is - as the 740 info is all same - but not % sure.
=CAT  \\$a10902$b40$c20220215$lBLL01$h1126
=CAT  \\$a10902$b40$c20220215$lBLL01$h1134
=CAT  \\$a10902$b40$c20220215$lBLL01$h1318
=CAT  \\$a3072$b40$c20220221$lBLL01$h1241
=CAT  \\$a3072$b40$c20220221$lBLL01$h1505
=CAT  \\$a3072$b40$c20220221$lBLL01$h1751
=CAT  \\$a3072$b40$c20220221$lBLL01$h1837
=CAT  \\$a3072$b40$c20220221$lBLL01$h1841
=CAT  \\$a3072$b40$c20220222$lBLL01$h1015
=CAT  \\$a3072$b40$c20220222$lBLL01$h1017
=CAT  \\$a3072$b40$c20220222$lBLL01$h1041
=CAT  \\$a3072$b40$c20220222$lBLL01$h1055
=FIN  \\$aY$d20220221
=STA  \\$aSUPPRESSED$bDatabase
=LAS  \\$a3072$b40$c20220222$lBLL01$h1055

