=LDR  02780cai a2200685 i 4500
=001  020516913
=003  Uk
=005  20220321164945.0
=006  m\\\\\o\\d\\\\\\\\
=007  cr\cnu||||||||
=008  010510c20019999ne\uu\doobb\\\0\\\a2eng\c
=FMT  \\$a  SE
=010  \\$a  2012238828
=022  0\$a2213-2732
=035  \\$a(OCoLC)46916558
=040  \\$aGZM$beng$cGZM$dOCLCQ$dPHA$dOCLCQ$dSTF$dIUL$dOCLCQ$dOCLCF$dCOO$dOCLCO$dGZM$dOCLCQ$dIUL$dAU@$dOCL$dGZM
=042  \\$aukblsr
=050  \4$aZ4
=082  04$a016.002$223
=222  \0$aBook history online$b(Leiden)
=245  00$aBook history online :$bBHO.
=246  30$aBHO
=246  13$aKB book history online
=246  13$aKoninklijke Bibliotheek book history online
=247  10$aBook history online :$binternational bibliography of the history of the printed book and libraries$f<May 10, 2001>
=264  \1$a[The Hague] :$b[Koninklijke Bibliotheek]
=264  31$a[Leiden?] :$bBrill
=300  \\$a1 online resource
=310  \\$aUpdated regularly
=336  \\$atext$2rdacontent
=337  \\$acomputer$2rdamedia
=338  \\$aonline resource$2rdacarrier
=362  1\$aBegan in 2001?
=588  \\$aTitle from login screen (viewed March 21, 2022).
=500  \\$aMade available through BrillOnline Bibliographies.
=520  \\$aBibliography on all aspects of book history. Covers works in over 40 languages (predominantly German, English, French and Dutch). Continues print version Annual Bibliography of the History of the Printed Book and Libraries.
=650  \0$aBooks$xHistory$vBibliography.
=650  \0$aPrinting$xHistory$vBibliography.
=650  \0$aLibraries$xHistory$vBibliography.
=650  \0$aBibliography$vPeriodicals.
=650  \7$aBibliography.$2fast$0(OCoLC)fst00831351
=650  \7$aBooks.$2fast$0(OCoLC)fst00836401
=650  \7$aLibraries.$2fast$0(OCoLC)fst00997341
=650  \7$aPrinting.$2fast$0(OCoLC)fst01076612
=655  \7$aBibliographies.$2fast$0(OCoLC)fst01919895
=655  \7$aHistory.$2fast$0(OCoLC)fst01411628
=655  \7$aPeriodicals.$2fast$0(OCoLC)fst01411641
=710  2\$aKoninklijke Bibliotheek (Netherlands)
=740  02$aAnnual bibliography of the history of the printed book and libraries.
=740  02$aBrillOnline bibliographies.
=776  08$iPrint version:$tAnnual bibliography of the history of the printed book and libraries$x0303-5964
=856  40$uhttps://bibliographies.brillonline.com/browse/book-history-online
=852  41$aBritish Library$bHMNTS$je-media
=CAT  \\$a8055$b40$c20220315$lBLL01$h1335
=CAT  \\$a3072$b40$c20220317$lBLL01$h1714
=CAT  \\$a3072$b40$c20220321$lBLL01$h1649
=FIN  \\$aY$d20220321
=SRC  \\$aBLL02
=STA  \\$aSUPPRESSED$bDatabase
=LAS  \\$a3072$b40$c20220321$lBLL01$h1649

