=LDR  01915cai a2200445 i 4500
=001  020516941
=003  Uk
=005  20220322142017.0
=006  m\\\\\\\\d\|\\\\\\
=007  cr\|||||||||||
=008  220315c20159999ne\uu\d\o\\\\\0\\\a2eng\\
=FMT  \\$a  SE
=040  \\$aUk$beng$cUk$erda
=042  \\$aukblsr
=082  04$a015.492$223
=245  00$aBook sales catalogues online :$bbook auctioning in the Dutch Republic, ca. 1500-ca. 1800.
=246  3\$aBSCO
=264  \1$aLeiden :$bBrill
=336  \\$atext$2rdacontent
=337  \\$acomputer$2rdamedia
=338  \\$aonline resource$2rdacarrier
=362  0\$aBegan in 2015.
=520  \\$a"Book Sales Catalogues Online offers a comprehensive bibliography of book sales catalogues printed in the Dutch Republic before 1801, providing full access to some 4,000 digital facsimiles from ca. 50 libraries across Europe. The catalogues contain information on books from all over Europe in various languages, such as Dutch, French, and Latin".
=588  \\$aDescription based on contents viewed on March 22, 2022; title from foot of login screen.
=650  \0$aBooksellers' catalogs$zNetherlands$vBibliography.
=650  \0$aBook auctions$vBibliography$vUnion lists.
=650  \0$aEarly printed books$zEurope$vBibliography$vCatalogs.
=650  \0$aBook auctions$zNetherlands$xCatalogs$vEarly works to 1800.
=650  \0$aBibliography$zEurope$xHistory$y16th century.
=650  \0$aBibliography$zEurope$xHistory$y17th century.
=651  \0$aNetherlands$xImprints.
=856  40$uhttp://primarysources.brillonline.com
=852  41$aBritish Library$bHMNTS$je-media
=CAT  \\$a8055$b40$c20220315$lBLL01$h1401
=CAT  \\$a3072$b40$c20220322$lBLL01$h1212
=CAT  \\$a3072$b40$c20220322$lBLL01$h1213
=CAT  \\$a3072$b40$c20220322$lBLL01$h1420
=FIN  \\$aY$d20220322
=STA  \\$aSUPPRESSED$bDatabase
=LAS  \\$a3072$b40$c20220322$lBLL01$h1420

