=LDR  02901cai a2200577 i 4500
=001  020516966
=003  Uk
=005  20221130093305.0
=006  m\\\\\o\\d\\\\\\\\
=007  cr\cn|||||||||
=008  220301c202u9999mnucr\d\o\\\\\0\\\c2rus\d
=FMT  \\$a  SE
=035  \\$a(OCoLC)1300782870
=040  \\$aZCU$beng$cZCU$dZCU$dOCLCO$dUk$erda
=041  0\$arus$aeng
=042  \\$aukblsr
=043  \\$ae-ru---
=050  \4$aAN50.M8$bN73
=082  04$a077.31$223
=245  00$aNovaia gazeta digital archive.
=246  1\$6880-01$aNovai︠a︡ gazeta
=246  1\$aNovaia gazeta digital archive (DA-NOVG)
=264  \1$aMinneapolis :$bEast View Information Services
=300  \\$a1 online resource
=310  \\$aUpdated semiweekly
=336  \\$atext$btxt$2rdacontent
=337  \\$acomputer$bc$2rdamedia
=338  \\$aonline resource$bcr$2rdacarrier
=362  1\$aBegan 2022?
=588  0\$aDescription based on contents viewed 22 March 2022; title from home page.
=546  \\$aIn Russian; search interface is in English.
=651  \0$aMoscow (Russia)$vNewspapers$vDatabases.
=740  02$6880-02$aNovai︠a︡ gazeta.
=740  02$6880-03$aNovai︠a︡ gazeta ponedelʹnik.
=740  02$6880-04$aNovai︠a︡ ezhednevnai︠a︡ gazeta.
=856  40$uhttps://dlib.eastview.com/browse/udb/5310
=880  1\$6246-01$aНовая газета
=880  \\$6520-00$a"Novaia gazeta (Новая газета, The New Newspaper) is a popular independent Moscow newspaper known for critical investigative reporting, working to expose corruption, abuse of power and violation of laws amongst the government and main financial structures of modern Russia. Launched in 1993, the newspaper has published under the title of Novaia ezhednevnaia gazeta (Новая ежедневная газета, The New Daily Newspaper) and Novaia gazeta ponedel'nik (Новая газета понедельник, The New Newspaper Monday). One constant, however, has been Novaia gazeta's consistent reporting on a variety of contentious issues, including corruption and war crimes in Chechnya, human rights violations, persecution of LGBTQ+ activists, torture practices in Russian prisons, and murders of political opponents"--Provider description (East View Information Services), viewed 1 March 2022
=880  02$6740-02$aНовая газета
=880  02$6740-03$aНовая газета понедельник
=880  02$6740-04$aНовая ежедневная газета
=852  \\$aBritish Library$bHMNTS$je-media
=CAT  \\$a8055$b40$c20220315$lBLL01$h1422
=CAT  \\$a3072$b40$c20220322$lBLL01$h1427
=CAT  \\$a3072$b40$c20220322$lBLL01$h1429
=CAT  \\$a3072$b40$c20220322$lBLL01$h1430
=CAT  \\$a3072$b40$c20221130$lBLL01$h0933
=FIN  \\$aY$d20220322
=SID  \\$aZ39$bOCLC
=STA  \\$aSUPPRESSED$bDatabase
=LAS  \\$a3072$b40$c20221130$lBLL01$h0933

