=LDR  01154 cm a2200313 a 4500
=001  017484306
=003  Uk
=005  20150811155035.0
=008  040825s\\\\\\\\\\\||\\|\||||||n\\\\\\\\\
=FMT  \\$a  MU
=082  14$a780$215
=100  1\$aClementi, Muzio,$d1752-1832.
=245  \0$aOpera omnia
=250  \\$aEdizione nazionale italiana = Critical edition /$bunder the direction of Roberto Illiano.
=260  \\$aBologna :$bUt Orpheus Edizioni,$c2010-
=300  \\$a15 vols.
=336  \\$anotated music$2rdacontent
=337  \\$aunmediated$2rdamedia
=338  \\$avolume$2rdacarrier
=500  \\$aUmbrella record
=500  \\$aThere are 2 different series in progress. This one has blue cloth covers bearing the composer's signature, and a series number starting CCE.
=856  \\$uhttp://www.muzioclementi.com/critical.php
=852  41$aBritish Library$bMUSIC$jN.27./
=CAT  \\$a11814$b40$c20150811$lBLL01$h1505
=CAT  \\$a11814$b40$c20150811$lBLL01$h1547
=CAT  \\$a11814$b40$c20150811$lBLL01$h1550
=CAT  \\$aWR15_100$c20150918$lBLL01$h2351
=STA  \\$aSUPPRESSED$bAcquisitions Use Only
=LAS  \\$aWR15_100$b00$c20150918$lBLL01$h2351

