=LDR  03267cas a2200793 i 4500
=001  019130627
=003  Uk
=005  20230223165144.0
=006  m\\\\\o\\d\\\\\\\\
=007  cr\|||||||||||
=008  161012c20059999maudr\dso\\\\\0\\\a2eng\\
=FMT  \\$a  SE
=010  \\$a  2016203926
=015  \\$aGBC1J9038$2bnb
=022  0\$a2474-641X
=035  \\$a(OCoLC)960464876
=040  \\$aDLC$beng$cDLC$dUAB$dORU$dZCU$dOCLCF$dS3O$dOCLCA$dGZM$dVT2$dOCLCO$dOCL$dOCLCO$dUk$erda
=042  \\$aukblsr
=082  10$a306.76$223
=222  \0$aLGBT life with fulltext
=245  00$aLGBTQ+ source.
=246  3\$aLGBTQ plus source
=246  3\$aLGBTQ source
=247  10$aLGBT life with fulltext$f<2013->
=264  \1$3<2005-2013> :$aIpswich, MA :$bEBSCO Publishing
=264  31$3<2013-> :$aIpswich, MA :$bEBSCO Industries, Inc.
=300  \\$a1 online resource
=310  \\$aUpdated daily
=336  \\$atext$btxt$2rdacontent
=337  \\$acomputer$bc$2rdamedia
=338  \\$aonline resource$bcr$2rdacarrier
=520  \\$aThis database provides full-text coverage for the most important literature regarding lesbian, gay, bisexual and transgender issues. Offering a variety of scholarly, popular and regional resources, it includes journals, books, magazines and more. It also includes a specialized LGBTQ+ thesaurus containing thousands of terms.
=588  \\$aDescription updated based on online resource; title from home page (EBSCO, viewed June 16, 2020).
=650  \0$aGays$vDatabases.
=650  \0$aLesbians$vDatabases.
=650  \0$aLesbianism$vDatabases.
=650  \0$aTranssexualism$vDatabases.
=650  \0$aBisexuals$vDatabases.
=650  \0$aTranssexuals$vDatabases.
=650  \0$aHomosexuality$vDatabases.
=650  \0$aBisexuality$vDatabases.
=650  \7$aBisexuality.$2fast$0(OCoLC)fst00833344
=650  \7$aBisexuals.$2fast$0(OCoLC)fst00833357
=650  \7$aGays.$2fast$0(OCoLC)fst00939255
=650  \7$aHomosexuality.$2fast$0(OCoLC)fst00959755
=650  \7$aLesbianism.$2fast$0(OCoLC)fst00996514
=650  \7$aLesbians.$2fast$0(OCoLC)fst00996540
=650  \7$aTranssexualism.$2fast$0(OCoLC)fst01155423
=650  \7$aTranssexuals.$2fast$0(OCoLC)fst01155432
=653  \\$aQueer studies
=655  \7$aAbstracts.$2fast$0(OCoLC)fst01423683
=655  \7$aDatabases.$2fast$0(OCoLC)fst01411643
=655  \7$aIndexes.$2fast$0(OCoLC)fst01423761
=655  \7$aReference works.$2fast$0(OCoLC)fst01919963
=655  \7$aSources.$2fast$0(OCoLC)fst01423900
=710  2\$aEBSCO Publishing (Firm),$eissuing body.
=710  2\$aEBSCO Industries,$eissuing body.
=856  40$uhttp://search.ebscohost.com/Login.aspx
=852  41$aBritish Library$bHMNTS$je-media
=985  \\$aNofication of title change 30/11/21 - resource not seen as cannot be accessed via Explore, so just overwriting accession record with derived record - GC.
=985  \\$aUpdated by MS generated file for WR2302-017
=CAT  \\$a10902$b40$c20181120$lBLL01$h0937
=CAT  \\$a3072$b40$c20211130$lBLL01$h1345
=CAT  \\$a3072$b40$c20211130$lBLL01$h1347
=CAT  \\$aW2302-0174$c20230223$lBLL01$h2026
=FIN  \\$aY$d20211130
=SRC  \\$aBLL02
=STA  \\$aSUPPRESSED$bDatabase
=LAS  \\$aW2302-0174$b00$c20230223$lBLL01$h2026

