=LDR  02160 am a2200469 i 4500
=001  019310552
=003  Uk
=005  20200319135909.0
=006  m\\\\\|\\d\|\\\\\\
=007  cr\|||||||||||
=008  080812m2006\\\\vtu\\\\\s\\\\\000\0\eng\\
=FMT  \\$a  BK
=040  \\$aDLC$cDLC$dUk
=042  \\$aukblsr
=245  00$aEarly American newspapers$h[electronic resource].$nSeries II,$p1758-1900.
=246  1\$iSearch page title:$aAmerica's historical newspapers
=246  1\$iAlso known as:$aAmerican historical newspapers
=246  3\$aReadex America's historical newspapers
=246  3\$aReadex Early American newspapers, 1758-1900
=260  \\$a[Chester, Vt.?] :$bReadex,$c[2006?]-
=336  \\$atext$2rdacontent
=337  \\$acomputer$2rdamedia
=338  \\$aonline resource$2rdacarrier
=490  0\$aArchive of Americana
=500  \\$aTitle from home page (viewed on August 12, 2008).
=520  \\$aSeries II complements Series I by offering more than 200 significant 18th and 19th-century newspapers. Series II focuses on the period between 1820 and 1860, when the number of American newspapers rose dramatically. Based primarily on the newspaper collection of the American Antiquarian Society, Series II also includes titles from the holdings of the Library of Congress, the Wisconsin Historical Society and other organizations.
=538  \\$aMode of access: World Wide Web.
=650  \0$aAmerican newspapers.
=651  \0$aUnited States$xHistory$y18th century$vSources.
=651  \0$aUnited States$xHistory$y19th century$vSources.
=710  2\$aReadex Microprint Corporation.
=710  2\$aNewsBank, inc.
=856  40$uhttp://infoweb.newsbank.com/
=852  41$aBritish Library$bHMNTS$je-media
=985  \\$aThompson Henry originally in prelim cat record as publisher, but in fact turns out to be distributor; derived record used with Readex in as publisher.
=CAT  \\$a10902$b40$c20190320$lBLL01$h1329
=CAT  \\$a3072$b40$c20200319$lBLL01$h1357
=CAT  \\$a3072$b40$c20200319$lBLL01$h1359
=FIN  \\$aY$d20200319
=SID  \\$aZ39$bLOC
=STA  \\$aSUPPRESSED$bDatabase
=LAS  \\$a3072$b40$c20200319$lBLL01$h1359

