=LDR  03411cai a2200673 i 4500
=001  016293935
=003  Uk
=005  20230223161720.0
=006  m\\\\\o\\d\\\\\\\\
=007  cr\|||||||||||
=008  120522c20129999miuuu\d\o\\\\\0\\\b2eng\c
=FMT  \\$a  SE
=010  \\$a  2012239175
=035  \\$a(OCoLC)794085295
=040  \\$aVRA$beng$cVRA$dDNU$dGZM$dIUL$dWAU$dOCLCF$dCOO$dS3O$dOCLCO$dOCLCQ$dCOD$dOCLCO$dOCL$dCUS$dUk$erda
=041  0\$aeng$amul
=042  \\$aukblsr
=050  14$aPN1561
=245  00$aEntertainment industry magazine archive.
=246  1\$iAlso known as:$aEIMA
=264  \1$a[Ann Arbor, MI] :$bProquest
=300  \\$a1 online resource
=336  \\$atext$btxt$2rdacontent
=337  \\$acomputer$bc$2rdamedia
=338  \\$aonline resource$bcr$2rdacarrier
=362  1\$aBegan in 2012?
=520  \\$aThis resource contains digitised sets of the core US and UK trade magazines covering film, music, broadcasting and theatre together with film fan magazines and music press titles. Key titles with full text coverage include The Stage, Kinematograph Weekly, The Hollywood Reporter and Variety. Please note that New Musical Express and Melody Maker are no longer available as full text. A full title list with the date ranges covered is available on the home page of the database.
=546  \\$aEnglish and other languages.
=580  \\$aEntertainment Industry Magazine Archive is available as three separate collections: EIMA1 (Music, radio, and the stage), EIMA2 (Cinema, film and television, part 1), and EIMA3 (Cinema, film and television, part 2).
=588  \\$aDescription based on contents viewed on April 1, 2020; title from database homepage.
=650  \0$aPerforming arts$xPeriodicals$vIndexes.
=650  \0$aMotion picture industry$xPeriodicals$vIndexes.
=650  \7$aMotion picture industry$xPeriodicals.$2fast$0(OCoLC)fst01027178
=650  \7$aPerforming arts$xPeriodicals.$2fast$0(OCoLC)fst01057914
=650  \7$aScenisk konst.$2sao
=650  \7$aFilmbranschen.$2sao
=655  \7$aDatabases.$2fast$0(OCoLC)fst01411643
=655  \7$aIndexes.$2fast$0(OCoLC)fst01423761
=710  2\$aProQuest (Firm),$eissuing body.
=774  08$iContainer of (work):$tEIMA1.$d[Ann Arbor, Michigan] : Proquest LLC
=774  08$iContainer of (work):$tEIMA2.$d[Ann Arbor, Michigan] : Proquest LLC
=774  08$iContainer of (work):$tEIMA3.$d[Ann Arbor, Michigan] : Proquest LLC
=856  40$uhttp://search.proquest.com/eima
=852  41$aBritish Library$bHMNTS$je-media
=985  \\$aUpgraded by BSS-generated file for WR1910-0531
=985  \\$aDerived/catalogued via VPN July 2020; corresponding records for 774s probably also need deriving to reflect the other subjects & access points accurately?Otherwise convert them into 740s and add extra 650s?; will check with AG.
=985  \\$aUpdated by MS generated file for WR2302-017
=CAT  \\$a10902$b40$c20130305$lBLL01$h1424
=CAT  \\$aBATCH-UPD$b40$c20131021$lBLL01$h1142
=CAT  \\$aFIX-001$c20151007$lBLL01$h1808
=CAT  \\$aW1910-0531$b00$c20200417$lBLL01$h1846
=CAT  \\$a3072$b40$c20200721$lBLL01$h1713
=CAT  \\$a3072$b40$c20200721$lBLL01$h1723
=CAT  \\$a3072$b40$c20200721$lBLL01$h1752
=CAT  \\$aW2302-0174$c20230223$lBLL01$h1959
=FIN  \\$aY$d20200721
=SRC  \\$aBLL02
=STA  \\$aSUPPRESSED$bDatabase
=LAS  \\$aW2302-0174$b00$c20230223$lBLL01$h1959

