=LDR  02842 ai a2200661 i 4500
=001  017759683
=003  Uk
=005  20170811132219.0
=006  m\\\\\o\\d\\\\\\\\
=007  cr\cn||||unuuu
=008  130318c20139999enkuu\doo\\\\\0\\\a2eng\c
=FMT  \\$a  SE
=010  \\$a  2016227565
=015  \\$aGBB6E8758$2bnb
=022  0\$a2515-2831$202
=035  \\$a(OCoLC)830325601$z(OCoLC)860812875
=040  \\$aMNU$beng$cMNU$dOCLCF$dLRU$dU3G$dOCLCO$dZCU$dOCL$dNDD$dUk$erda
=042  \\$aukblsr$aissnuk
=050  \4$aPN1655
=082  04$a809.2$223
=222  \0$aDrama online
=245  00$aDrama online.
=246  1\$iAlso known as:$aDrama online library
=264  \1$a[London] :$bBloomsbury Publishing,$c2013-
=300  \\$a1 online resource
=336  \\$atext$btxt$2rdacontent
=336  \\$atwo-dimensional moving image$btdi$2rdacontent
=336  \\$aspoken word$bspw$2rdacontent
=336  \\$astill image$bsti$2rdacontent
=337  \\$acomputer$bc$2rdamedia
=338  \\$aonline resource$bcr$2rdacarrier
=520  \\$aPlay texts, scholarly works on theatre and video recordings of performances. A database of plays can be searched by cast size and composition and duration. Content includes Shakespeare's Globe on Screen, LA Theatre Works, Arden editions, Nick Hern books, Faber and Faber and modern plays; also includes over 500 images from the Victoria and Albert Museum's archive of production photos.
=506  \\$aAccess restricted to subscribing institutions.
=588  \\$aDescription based on contents viewed on November 2, 2016; title from home page.
=650  \0$aDrama$vDatabases.
=650  \0$aTheater$vDatabases.
=650  \7$aDrama.$2fast$0(OCoLC)fst00897468
=650  \7$aTheater.$2fast$0(OCoLC)fst01149217
=655  \7$aSources.$2fast$0(OCoLC)fst01423900
=655  \0$aElectronic reference sources.
=655  \7$aDatabases.$2fast$0(OCoLC)fst01411643
=710  2\$aBloomsbury (Firm),$eissuing body.
=856  40$uhttp://www.dramaonlinelibrary.com
=852  41$aBritish Library$bHMNTS$je-media
=985  \\$aInfo from Ian Cooke that subscription includes perpetual access to: LA Theater Works collection, Nick Hern Books Collection, Shakespeare's Globe on Screen Film Collection, and Shakespeare and Early Modern Drama videos.
=CAT  \\$a10902$b40$c20160304$lBLL01$h1035
=CAT  \\$a3072$b40$c20161102$lBLL01$h1116
=CAT  \\$a3072$b40$c20161102$lBLL01$h1125
=CAT  \\$a3072$b40$c20161102$lBLL01$h1150
=CAT  \\$a3072$b40$c20161102$lBLL01$h1154
=CAT  \\$a3072$b40$c20161102$lBLL01$h1157
=CAT  \\$a3072$b40$c20161102$lBLL01$h1158
=CAT  \\$a3072$b40$c20161102$lBLL01$h1206
=CAT  \\$a10973$b40$c20170811$lBLL01$h1322
=FIN  \\$aY$d20161102
=SID  \\$aZ39$bOCLC
=STA  \\$aSUPPRESSED$bDatabase
=LAS  \\$a10973$b40$c20170811$lBLL01$h1322

