=LDR  03105cai a2200601 i 4500
=001  017780824
=003  Uk
=005  20230223162626.0
=006  m\\\\\o\\d\\\\\\\\
=007  cr|unu|||uuuuu
=008  160331c20169999miuuu\doo\\\\\0\\\a2eng\d
=FMT  \\$a  SE
=035  \\$a(OCoLC)945734786
=040  \\$aWTU$beng$cWTU$dOCLCO$dSTF$dOCLCF$dOCLCO$dOCLCQ$dOCL$dCSAIL$dUAB$dOCLCA$dOCLCQ$dIUL$dI3U$dDKC$dOCL$dOCLCO$dIUL$dUk
=043  \\$ae-uk-en
=050  \4$aAN2
=082  04$a072.1$223
=245  04$aThe telegraph historical archive, 1855-2016.
=246  1\$iAt head of description:$aDaily telegraph (London)$f<March 26 2020>
=247  10$aTelegraph historical archive, 1855-2000.
=264  \1$aFarmington Hills, Michigan :$bGale CENGAGE Learning,$c[2016]-
=300  \\$a1 online resource
=336  \\$atext$btxt$2rdacontent
=337  \\$acomputer$bc$2rdamedia
=338  \\$aonline resource$bcr$2rdacarrier
=490  1\$3<July 16, 2020>-:$aGale primary sources
=520  \\$aLaunched in 1855, the Telegraph was the first daily morning paper. By 1876, the Telegraph was the largest-selling newspaper in the world, with a circulation of 300,000. from 1873 to 1899, the newspaper published widely on foreign affairs and foreign cultures. During the twentieth century, the Telegraph cemented its reputation as a pioneering yet reliable source of news reporting. Its publication is generally seen by press historians as the start of a new era of journalism that emerged following the repeal of the stamp duty, marking the first step towards the mass-market journalism of the Daily Mail. The Telegraph Historical Archive has over 1 million pages of content and includes the Sunday edition from its inception in 1961. It offers a fundamental insight into domestic and international affairs and culture over a timespan of over 150 years.
=588  0\$aTitle from home page (viewed July 16, 2020).
=651  \0$aLondon (England)$vNewspapers$vSources.
=651  \7$aEngland$zLondon.$2fast$0(OCoLC)fst01204271
=655  \7$aDatabases.$2fast$0(OCoLC)fst01411643
=655  \7$aNewspapers.$2fast$0(OCoLC)fst01423814
=710  2\$aGale Group,$eissuing body.
=730  02$aSunday telegraph (London, England)
=740  02$aDaily telegraph and courier.
=740  02$aDaily telegraph (London, England : 1856)
=740  02$aDaily telegraph and morning post.
=740  02$aDaily telegraph (London, England : 1969)
=830  \0$aGale primary sources
=856  40$uhttps://gdc.galegroup.com/gdc/artemis?p=TGRH
=856  40$uhttps://go.gale.com/ps/start.do?p=TGRH
=852  41$aBritish Library$bHMNTS$je-media
=985  \\$aUpdated by MS generated file for WR2302-017
=CAT  \\$a10969$b40$c20160324$lBLL01$h1044
=CAT  \\$a10969$b40$c20160324$lBLL01$h1045
=CAT  \\$a10902$b40$c20160330$lBLL01$h1107
=CAT  \\$a3072$b40$c20200716$lBLL01$h1535
=CAT  \\$a3072$b40$c20200716$lBLL01$h1553
=CAT  \\$aW2302-0174$c20230223$lBLL01$h2006
=FIN  \\$aY$d20200716
=SID  \\$aZ39$bOCLC
=STA  \\$aSUPPRESSED$bDatabase
=LAS  \\$aW2302-0174$b00$c20230223$lBLL01$h2006

