=LDR  01759 am a2200469 a 4500
=001  015102556
=003  Uk
=005  20090605091155.0
=006  m\\\\|\\\d\|\\\\\\
=007  cr||||||||||||
=008  090331s2007\\\\stk||||\sb\\\o000\0\eng\\
=FMT  \\$a  BK
=020  \\$z1842060025
=040  \\$aUk$beng$cUk
=042  \\$aukblsr
=082  04$a331.413309411$222
=245  00$aSex and power$h[electronic resource] :$bwho runs Scotland? 2007.
=260  \\$aGlasgow :$bEqual Opportunities Commission,$c2007.
=300  \\$a7 p. :$bdigital, PDF file.
=336  \\$atext$2rdacontent
=337  \\$acomputer$2rdamedia
=338  \\$aonline resource$2rdacarrier
=538  \\$aMode of access: World Wide Web.
=538  \\$aSystem requirements: Adobe Acrobat Reader.
=500  \\$aTitle from p.1 of PDF file (viewed on June 1, 2009).
=504  \\$aIncludes bibliographical references.
=500  \\$a"January 2007."
=650  \0$aGlass ceiling (Employment discrimination)$zScotland.
=650  \0$aWomen executives$zScotland$xStatistics.
=650  \0$aWomen in politics$zScotland$xStatistics.
=710  2\$aEqual Opportunities Commission Scotland.
=856  40$uhttp://www.equalityhumanrights.com/en/publicationsandresources/Documents/Gender/sexandpower_scot_2007.pdf
=852  41$aBritish Library$bHMNTS$jYF.2009.a.15038
=CAT  \\$a7750$b40$c20090331$lBLL01$h1403
=CAT  \\$a7750$b40$c20090331$lBLL01$h1404
=CAT  \\$a8141$b40$c20090601$lBLL01$h1156
=CAT  \\$a8141$b40$c20090601$lBLL01$h1158
=CAT  \\$a7332$b40$c20090605$lBLL01$h0911
=CAT  \\$aW1711-1225$c20171203$lBLL01$h1033
=FIN  \\$aY$d20090601
=STA  \\$aSUPPRESSED$bunable to determine reason for suppression
=LAS  \\$aW1711-1225$b00$c20171203$lBLL01$h1033

