=LDR  01658 am a2200433 a 4500
=001  015107491
=003  Uk
=005  20090406105928.0
=006  m\\\\|\\\d\|\\\\\\
=007  cr||||||||||||
=008  090406s2009\\\\enk\\\\\s\\\\o000\0\eng\\
=FMT  \\$a  BK
=015  \\$aGBA935319$2bnb
=020  \\$a9781409806547 :$cNo price
=040  \\$aUk$beng$cUk
=042  \\$aukblsr
=082  04$a333.540942$222
=245  00$aCitizens of equal worth$h[electronic resource] :$bthe Project Group's proposals for the National Tenant Voice.
=260  \\$aWetherby :$bCommunities and Local Government,$c2009.
=300  \\$a45 p. :$bdigital, PDF file.
=336  \\$atext$2rdacontent
=337  \\$acomputer$2rdamedia
=338  \\$aonline resource$2rdacarrier
=500  \\$aTitle from PDF title page (viewed on 6 Apr., 2009).
=538  \\$aMode of access: World Wide Web.
=538  \\$aSystem requirements: Adobe Acrobat Reader.
=650  \0$aLandlord and tenant$xGovernment policy$zEngland.
=650  \0$aLandlord and tenant$xGovernment policy$zWales.
=710  1\$aGreat Britain.$bDepartment for Communities and Local Government.
=856  40$uhttp://www.communities.gov.uk/documents/housing/pdf/projectgroupreport.pdf
=852  41$aBritish Library$bHMNTS$jOPA.2009.x.573
=985  \\$aRecord amended for WR# 13/070
=CAT  \\$a7332$b40$c20090406$lBLL01$h1034
=CAT  \\$a7332$b40$c20090406$lBLL01$h1059
=CAT  \\$aWR13_070$b00$c20130504$lBLL01$h0314
=CAT  \\$aW1711-1225$c20171203$lBLL01$h1033
=FIN  \\$aY$d20090406
=STA  \\$aSUPPRESSED$bunable to determine reason for suppression
=LAS  \\$aW1711-1225$b00$c20171203$lBLL01$h1033

