=LDR  01700 am a2200469 a 4500
=001  015267429
=003  Uk
=005  20100204175620.0
=006  m||||||||d||||||||
=007  cr||||||||||||
=008  091022s2009\\\\enk\\\\\s\\\\o000|0\eng|\
=015  \\$aGBB020778$2bnb
=040  \\$aStDuBDS$beng$cStDuBDS
=042  \\$aukblsr
=082  04$a336.278363738740941$222
=245  04$aThe community emmissions trading scheme (auctioning of allowances) (no. 2) scheme 2009$h[electronic resource].
=260  \\$a[London] :$bHM Treasury,$c[2009?]
=300  \\$a16 p. :$bdigital, PDF file.
=336  \\$atext$2rdacontent
=337  \\$acomputer$2rdamedia
=338  \\$aonline resource$2rdacarrier
=500  \\$aTitle from PDF title page (viewed on 22 October 2009).
=530  \\$aAlso issued in print format.
=538  \\$aMode of access: World Wide Web.
=538  \\$aSystem requirements: Adobe Acrobat Reader.
=650  \0$aCarbon taxes$zGreat Britain.
=710  1\$aGreat Britain.$bTreasury.
=852  41$aBritish Library$bHMNTS$jYF.2009.a.24891
=856  40$uhttp://www.hm-treasury.gov.uk/d/euetsscheme140909.pdf
=985  \\$aNETCAT record
=CAT  \\$a10983$b40$c20090528$lBLL01$h1014
=CAT  \\$a10983$b40$c20090528$lBLL01$h1016
=CAT  \\$aBATCH-SURR$b00$c20100204$lBLL01$h1754
=CAT  \\$aBATCH$b00$c20100204$lBLL01$h1756
=CAT  \\$aBATCH-CORR$c20100211$lBLL01$h1314
=CAT  \\$aBATCH$b00$c20100910$lBLL01$h1136
=CAT  \\$aW1711-1225$c20171203$lBLL01$h1033
=FIN  \\$aY$d20100211
=FMT  \\$a  BK
=LAS  \\$aW1711-1225$b00$c20171203$lBLL01$h1033
=SRC  \\$aNETCAT$bnetcatem.20100204
=STA  \\$aSUPPRESSED$bunable to determine reason for suppression

