=LDR  02409 am a2200625 a 4500
=001  015288360
=003  Uk
=005  20110629103957.0
=006  m||||||||d||||||||
=007  cr||||||||||||
=008  090924s2006\\\\enk\\\\\s\\\\\000|0\eng|\
=015  \\$aGBB020265$2bnb
=016  7\$a015288360$2Uk
=040  \\$aStDuBDS$beng$cStDuBDS
=042  \\$aukblsr
=082  04$a627.72509421$222
=245  00$aEffect of side raised entry treatments on road safety in London$h[electronic resource] /$cby K. Wood ... [et al.].
=250  \\$aVersion 4.
=260  \\$aCrowthorne :$bTRL,$c2006.
=300  \\$a64 p. :$bdigital, PDF file.
=336  \\$atext$2rdacontent
=337  \\$acomputer$2rdamedia
=338  \\$aonline resource$2rdacarrier
=490  1\$aPublished project report ;$vPPR 092
=500  \\$aTitle from PDF title page (viewed on 24 September 2009).
=500  \\$aPrepared for Transport for London, London Road Safety Unit.
=530  \\$aAlso issued in print format.
=538  \\$aMode of access: World Wide Web.
=538  \\$aSystem requirements: Adobe Acrobat Reader.
=650  \0$aRoads$zEngland$zLondon$xDesign and construction$xSafety measures.
=650  \0$aRoads$zEngland$zLondon$xInterchanges and intersections$xSafety measures.
=700  1\$aWood, K.
=710  2\$aTRL Limited.
=710  2\$aLondon Road Safety Unit.
=830  \0$aPublished project report.
=852  41$aBritish Library$bHMNTS$jYK.2011.b.12362
=856  40$uhttp://www.tfl.gov.uk/assets/downloads/Effects_of_side_raised_entry_treatements_on_raod_safety_in_London._Final_report.pdf
=985  \\$aNETCAT record
=CAT  \\$a10983$b40$c20090611$lBLL01$h1025
=CAT  \\$a10983$b40$c20090611$lBLL01$h1027
=CAT  \\$a10983$b40$c20090611$lBLL01$h1030
=CAT  \\$a10983$b40$c20090611$lBLL01$h1036
=CAT  \\$a10983$b40$c20090611$lBLL01$h1037
=CAT  \\$aBATCH-SURR$b00$c20100204$lBLL01$h1754
=CAT  \\$aBATCH$b00$c20100204$lBLL01$h1755
=CAT  \\$aBATCH-CORR$c20100211$lBLL01$h1314
=CAT  \\$aBATCH$b00$c20100910$lBLL01$h1136
=CAT  \\$a7332$b40$c20110629$lBLL01$h1039
=CAT  \\$aWR16_021$c20160624$lBLL01$h1823
=CAT  \\$aW1711-1225$c20171203$lBLL01$h1033
=FIN  \\$aY$d20100211
=FMT  \\$a  BK
=LAS  \\$aW1711-1225$b00$c20171203$lBLL01$h1033
=SRC  \\$aNETCAT$bnetcatem.20100204
=STA  \\$aSUPPRESSED$bunable to determine reason for suppression

