=LDR  03033cas a2200685 a 4500
=001  015288845
=003  Uk
=005  20230622164839.0
=007  cr\cn|nnnunnuu
=008  040610c20019999ja\\|\\\o\|||\0\\\d|jpn\d
=FMT  \\$a  SE
=035  \\$a(OCoLC)153301537
=040  \\$aCtY$beng$cPULEA$dPULEA$dOCLCQ
=245  00$6880-01$aJapanKnowledge$h[electronic resource] :$bencyclopedias, dictionaries and databases = Chishiki tansaku saito Japan narejji.
=246  31$6880-02$aChishiki tansaku saito Japan narejji
=246  30$6880-03$aJapan narejji
=246  3\$aJapan knowledge
=246  3\$aJapannarejji
=256  \\$aComputer data and program.
=260  \\$aTokyo :$bKinokuniya Company Ltd.
=260  \\$6880-04$a[Tokyo] :$bNetto Adobansusha,$c2001-
=336  \\$atext$2rdacontent
=337  \\$acomputer$2rdamedia
=338  \\$aonline resource$2rdacarrier
=500  \\$aTitle from Web page (viewed June 9, 2004).
=506  \\$aAccess restricted by licensing agreement.
=520  \\$aProvides access over the World Wide Web to a selection of electronic versions of major dictionaries and encyclopedias, as well as databases for weekly journals and maps etc. published in Japan, including: Nihon daihyakka zensho, Kodansha Encyclopedia of Japan, Gendai yōgo no kiso chishiki, Tōyō bunko, Shūkan Ekonomisuto, Rand McNally sekai chizu, etc.
=546  \\$aIn Japanese.
=655  \4$aOnline databases.
=710  2\$6880-05$aNetto Adobansusha.
=730  02$6880-06$aNihon daihyakka zensho (Online)
=730  02$aKodansha encyclopedia of Japan (Online)
=730  02$6880-07$aGendai yōgo no kiso chishiki (Online)
=730  02$6880-08$aEkonomisuto (Online)
=730  02$6880-09$aTōyō bunko (Online)
=856  40$uhttp://na.jkn21.com/
=880  00$6245-01$aJapanKnowledge$h[electronic resource] :$bencyclopedias, dictionaries and databases = 知識探索サイトジャパンナレッジ.
=880  31$6246-02$a知識探索サイトジャパンナレッジ
=880  30$6246-03$aジャパンナレッジ
=880  \\$6260-04$a[Tokyo] :$bネットアドバンス社,$c2001-
=880  2\$6710-05$aネットアドバンス社.
=880  02$6730-06$a日本大百科全書 (Online)
=880  02$6730-07$a現代用語の基礎知識 (Online)
=880  02$6730-08$aエコノミスト (Online)
=880  02$6730-09$a東洋文庫 (Online)
=852  41$aBritish Library$bHMNTS$je-media
=CAT  \\$a10902$b40$c20090611$lBLL01$h1734
=CAT  \\$a7565$b40$c20120327$lBLL01$h0927
=CAT  \\$aBATCH-UPD$b40$c20120327$lBLL01$h0928
=CAT  \\$aBATCH-UPD$b40$c20131021$lBLL01$h1141
=CAT  \\$aBATCH-UPD$b40$c20151202$lBLL01$h0418
=CAT  \\$a11693$b40$c20170407$lBLL01$h1521
=CAT  \\$a7565$b40$c20170411$lBLL01$h0908
=CAT  \\$a7565$b40$c20170411$lBLL01$h0916
=CAT  \\$aW2306-1299$c20230622$lBLL01$h1652
=FIN  \\$aY$d20120327
=SID  \\$aZ39$bOCLC
=STA  \\$aSUPPRESSED$bDatabase
=TCO  \\$aZZZ$c008
=LAS  \\$aW2306-1299$b00$c20230622$lBLL01$h1652

