=LDR  01533 am a2200409 i 4500
=001  016498573
=003  Uk
=005  20130918151005.0
=006  m\\\\||\\d\|\\\\\\
=007  cr\|||||||||||
=008  130917s2008\\\\stka\\\\o\\\\|0|0\0|eng\\
=FMT  \\$a  BK
=015  \\$aGBB385729$2bnb
=040  \\$aUk$beng$cUk$erda
=042  \\$aukblsr
=082  04$a587.309411$223
=245  00$aBracken control :$ba guide to best practice.
=250  \\$aUpdated version.
=264  \1$a[Scotland] :$bSEARS,$c2008.
=300  \\$a1 online resource (16 pages) :$billustrations (colour)
=336  \\$atext$2rdacontent
=337  \\$acomputer$2rdamedia
=338  \\$aonline resource$2rdacarrier
=500  \\$aPrevious version: Galashiels : Southern Uplands Partnership, 2001.
=588  \\$aDescription based on online resource; title from PDF cover page (viewed on September 18, 2013).
=650  \0$aBracken fern$xControl$zScotland.
=710  2\$aScotland's Environmental and Rural Services,$eissuing body.
=710  2\$aScottish Environment Protection Agency.
=710  2\$aNatural Scotland.
=856  40$uhttp://www.sepa.org.uk/land/idoc.ashx?docid=8cb12368-f9ca-4141-b7b5-ffd2d57e4b33&version=-1
=852  41$aBritish Library$bOC$jYP.2013.a.5830
=CAT  \\$a12664$b40$c20130917$lBLL01$h1416
=CAT  \\$a8141$b40$c20130918$lBLL01$h1510
=CAT  \\$aW1711-1225$c20171203$lBLL01$h1054
=FIN  \\$aY$d20130918
=STA  \\$aSUPPRESSED$bunable to determine reason for suppression
=LAS  \\$aW1711-1225$b00$c20171203$lBLL01$h1054

