=LDR  03113cai a2200649 i 4500
=001  017103980
=003  Uk
=005  20230223162106.0
=006  m\\\\\o\\d\\\\\\\\
=007  cr\|n|||||||||
=008  131115c20139999fluuu\doo\\\\\0\\\a2eng\c
=FMT  \\$a  SE
=010  \\$a  2013234754
=035  \\$a(OCoLC)863060882
=040  \\$aHLS$beng$cHLS$dHLS$dNDD$dOCLCF$dGZM$dZCU$dOCL$dIUL$dORU$dOCLCO$dUk$erda
=041  0\$aeng$adan$afre$aspa$heng$hdan$hfre$hspa
=042  \\$aukblsr
=043  \\$acc-----
=046  \\$o1718$p1876$2edtf
=245  00$aCaribbean newspapers, 1718-1876.
=246  1\$aAmerica's historical newspapers.$pCaribbean newspapers, 1718-1876
=247  10$aCaribbean Newspapers.$nSeries 1,$p1718-1876: From the American Antiquarian Society$f<Nov. 15, 2013>
=247  10$aAmerica's historical newspapers.$pCaribbean Newspapers.$nSeries 1, 1718-1876$f<Nov. 15, 2013>
=264  \1$a[Naples, Fla.] :$bReadex, a division of NewsBank
=264  \2$a[Great Britain] :$bThompson Henry
=300  \\$a1 online resource
=336  \\$atext$btxt$2rdacontent
=337  \\$acomputer$bc$2rdamedia
=338  \\$aonline resource$bcr$2rdacarrier
=362  1\$aBegan in 2013.
=588  \\$aTitle from home page (viewed 20 December 2022).
=520  \\$aCaribbean Newspapers, 1718-1876, the largest online collection of 18th- and 19th-century newspapers published in this region, will provide a comprehensive primary resource for studying the development of Western society and international relations within this important group of islands. This unique resource will prove essential for researching colonial history, the Atlantic slave trade, international commerce, New World slavery and U.S. relations with the region as far back as the early 18th century. Contains more than 140 newspaper titles from 22 islands.
=546  \\$aEnglish interface. Contents chiefly in English, French, Spanish, and Danish.
=650  \0$aCaribbean newspapers$vSources.
=650  \0$aNewspapers$vDatabases.
=650  \7$aCaribbean newspapers.$2fast$0(OCoLC)fst00847491
=650  \7$aNewspapers.$2fast$0(OCoLC)fst01037111
=655  \7$aDatabases.$2fast$0(OCoLC)fst01411643
=655  \7$aNewspapers.$2fast$0(OCoLC)fst01423814
=655  \7$aReference works.$2fast$0(OCoLC)fst01919963
=655  \7$aSources.$2fast$0(OCoLC)fst01423900
=710  2\$aReadex (Firm),$eissuing body.
=710  2\$aAmerican Antiquarian Society.
=773  0\$tAmerica's historical newspapers.$d[Chester, Vt.?] : Readex, [2004?]-
=830  \0$aArchive of Americana.
=856  40$uhttps://infoweb.newsbank.com/?db=EANX&d_collections=EANACN
=852  41$aBritish Library$bHMNTS$je-media
=985  \\$aUpdated by MS generated file for WR2302-017
=CAT  \\$a10902$b40$c20150310$lBLL01$h1433
=CAT  \\$a3072$b40$c20221220$lBLL01$h1601
=CAT  \\$a3072$b40$c20221220$lBLL01$h1607
=CAT  \\$a3072$b40$c20221221$lBLL01$h1257
=CAT  \\$aW2302-0174$c20230223$lBLL01$h2002
=FIN  \\$aY$d20221220
=SID  \\$aZ39$bOCLC
=STA  \\$aSUPPRESSED$bDatabase
=LAS  \\$aW2302-0174$b00$c20230223$lBLL01$h2002

