=LDR  02176 as a22005413a 4500
=001  013617092
=003  Uk
=005  20090610140517.0
=008  061003d18021830ru\er\pss\\\\\0\\\\0rusoc
=040  \\$aLRU$cLRU$dLRU$dUk
=130  0\$aVi︠e︡stnik Evropy (Online)
=245  10$6880-01$aVi︠e︡stnik Evropy$h[electronic resource].
=246  13$6880-02$aVestnik Evropy
=260  \\$6880-03$aMoskva :$bUniv. tip.,$c1802-1830.
=260  \\$aMinneapolis :$bEast View Information Services,$c[2006?].
=310  \\$aBiweekly
=336  \\$atext$2rdacontent
=337  \\$acomputer$2rdamedia
=338  \\$aonline resource$2rdacarrier
=362  0\$aVol. 1, no. 001 (Jan. 4, 1802)-1830.
=362  1\$aPrint ceased in 1830.
=500  \\$aTitle from cover PDF (Eastview, viewed Oct. 2, 2006).
=500  \\$aLatest issue consulted: Vol. 145, no. 022 (Nov. 30, 1825) (viewed Dec. 1, 2006).
=515  \\$aVols. called also ch. on PDF.
=515  \\$aVols. comprise 4 numbers and numbers begin each year with 001.
=530  \\$aOriginally issued in print.
=538  \\$aMode of access: World Wide Web.
=580  \\$aOriginal print version of this title was succeeded by a later title with the same name, published in Saint Petersburg, 1866-1918.
=650  \0$aRussian literature$vPeriodicals.
=651  \0$aRussia$xCivilization$vPeriodicals.
=776  1\$tVi︠e︡stnik Evropy$w(OCoLC)23225702
=785  10$tVi︠e︡stnik Evropy (Saint Petersburg, Russia)
=852  41$aBritish Library$bHMNTS$je-media
=856  40$uhttp://dlib.eastview.com/sources/publication.jsp?id=6286
=880  10$6245-01$aВѣстник Европы.
=880  13$6246-02$aВестник Европы
=880  \\$6260-03$aМосква :$bУнив. тип.,$c1802-1830.
=CAT  \\$a6524$b40$c20061204$lBLL01$h1439
=CAT  \\$a11937$b40$c20090610$lBLL01$h1405
=CAT  \\$aBATCH-UPD$b40$c20131021$lBLL01$h1142
=CAT  \\$aWR14_185$c20160214$lBLL01$h1232
=CAT  \\$aWR14_185$c20160214$lBLL01$h1239
=FIN  \\$aY$d20090610
=FMT  \\$a  SE
=LAS  \\$aWR14_185$b00$c20160214$lBLL01$h1239
=SID  \\$aZ39$bOCLC
=STA  \\$aSUPPRESSED$bDatabase
=TCO  \\$aXXX$c008

