=LDR  02733 ai a2200745 a 4500
=001  013677506
=003  Uk
=005  20120316095822.0
=006  m\\\\\\\\d\|\\\\\\
=007  cr||||||||||||
=008  070220c20049999enkmu\d\sai\\\0\\\a2eng\\
=015  \\$aGBA719613$2bnb
=040  \\$aUk$beng$cUk$dUk
=042  \\$aukblsr
=082  04$a362.1$222
=130  0\$aGlobal health (New York, N.Y)
=245  10$aGlobal health$h[electronic resource].
=246  1\$iAlso known as:$aGlobal health database
=246  1\$iAlso known as:$aCAGH
=246  13$aGlobalhealth
=260  \\$a[London] :$bOvid Technologies,$c[2004]-
=310  \\$aUpdated monthly
=336  \\$atext$2rdacontent
=337  \\$acomputer$2rdamedia
=338  \\$aonline resource$2rdacarrier
=500  \\$aDatabase produced by CAB International.
=500  \\$aIncludes "Global health archive" covering 1910-1973.
=500  \\$aTitle from database selection screen (viewed on 8 Mar. 2007).
=520  \\$aSpecialist international public health database which is particularly strong in the areas of tropical medicine, infectious diseases, vector control, food safety and epidemiology.
=538  \\$aMode of access: World Wide Web.
=650  \0$aPublic health$vAbstracts.
=650  \0$aPublic health$vIndexes.
=650  \0$aDiseases$vAbstracts.
=650  \0$aHealth$vAbstracts.
=650  \0$aDiseases$vIndexes.
=650  \0$aHealth$vIndexes.
=690  7\$aSocial Welfare$2blcoll
=710  1\$aGreat Britain.$bBureau of Hygiene and Tropical Diseases.
=710  2\$aC.A.B. International.
=710  2\$aOvid Technologies, Inc.
=730  0\$aCAB abstracts.
=740  0\$aPublic health and tropical medicine database.
=740  0\$aGlobal health archive.
=852  41$aBritish Library$bSTI$je-media
=856  40$uhttp://web5.silverplatter.com/webspirs/start.ws
=CAT  \\$a6524$b40$c20070220$lBLL01$h1546
=CAT  \\$a3072$b40$c20070308$lBLL01$h1548
=CAT  \\$a3072$b40$c20070308$lBLL01$h1609
=CAT  \\$a3072$b40$c20070308$lBLL01$h1633
=CAT  \\$a3072$b40$c20070308$lBLL01$h1638
=CAT  \\$a3072$b40$c20070308$lBLL01$h1703
=CAT  \\$a3072$b40$c20070308$lBLL01$h1739
=CAT  \\$a3072$b40$c20070410$lBLL01$h1112
=CAT  \\$a11279$b40$c20070510$lBLL01$h1212
=CAT  \\$aBATCH$b00$c20110625$lBLL01$h0526
=CAT  \\$aBATCH-SWP4$c20110627$lBLL01$h1610
=CAT  \\$a3072$b40$c20120315$lBLL01$h1638
=CAT  \\$a3072$b40$c20120316$lBLL01$h0958
=CAT  \\$aBATCH-UPD$b40$c20131021$lBLL01$h1141
=CAT  \\$aWR14_140$c20140905$lBLL01$h1814
=FIN  \\$aY$d20070308
=FMT  \\$a  SE
=LAS  \\$aWR14_140$b00$c20140905$lBLL01$h1814
=STA  \\$aSUPPRESSED$bDatabase
=TCO  \\$aCLA$bCLA$c008

