=LDR  01573 am a2200433 a 4500
=001  013710054
=003  Uk
=005  20070502085439.0
=006  m\\\\|\\\d\|\\\\\\
=007  cr||||||||||||
=008  070404s2006\\\\enk\\\\\s\\\\o00|\0\eng\\
=015  \\$aGBA733853$2bnb
=020  \\$cNo price
=040  \\$aUk$beng$cUk
=042  \\$aukblsr
=082  04$a353.70941$222
=245  00$aInternational strategy 2006$h[electronic resource].
=260  \\$aLondon :$bDCMS,$c2006.
=336  \\$atext$2rdacontent
=337  \\$acomputer$2rdamedia
=338  \\$aonline resource$2rdacarrier
=500  \\$aTitle from PDF title page (viewed on 2 May, 2007).
=516  \\$aPDF format.
=538  \\$aMode of access: World Wide Web.
=538  \\$aSystem requirements: Adobe Acrobat Reader.
=610  10$aGreat Britain.$bDepartment for Culture, Media and Sport.
=650  \0$aCulture$xGovernment policy$zGreat Britain.
=710  1\$aGreat Britain.$bDepartment for Culture, Media and Sport.
=852  41$aBritish Library$bHMNTS$jYK.2007.b.1305
=856  40$uhttp://www.culture.gov.uk/NR/rdonlyres/F26AE9B0-90D0-472B-8E43-8AC92F534549/0/internatonal_strategy_revisedOct06.pdf
=985  \\$aRecord amended for WR# 13/070
=CAT  \\$a6524$b40$c20070404$lBLL01$h1124
=CAT  \\$a11281$b40$c20070502$lBLL01$h0854
=CAT  \\$aWR13_070$b00$c20130504$lBLL01$h0251
=CAT  \\$aW1711-1225$c20171203$lBLL01$h1026
=FIN  \\$aY$d20070502
=FMT  \\$a  BK
=LAS  \\$aW1711-1225$b00$c20171203$lBLL01$h1026
=STA  \\$aSUPPRESSED$bunable to determine reason for suppression

