=LDR  01507 am a2200421 a 4500
=001  015338274
=003  Uk
=005  20120501184207.0
=006  m\\\\|\\\d\|\\\\\\
=007  cr\|||||||||||
=008  090729s2009\\\\stka\\\\o\\\\o000\0\eng\\
=015  \\$aGBB243477$2bnb
=020  \\$z9780755980963
=040  \\$aUk$beng$cUk
=042  \\$aukblsr
=082  04$a361.6109411$223
=245  00$aScotland's future: join the debate.$pHealth and wellbeing$h[electronic resource].
=246  1\$iAt head of title:$aChoosing Scotland's future :$ba national conversation
=260  \\$a[Edinburgh] :$bRR Donnelley,$cc2009.
=300  \\$a1 online resource (6 p.) :$bcol. ill.
=336  \\$atext$2rdacontent
=337  \\$acomputer$2rdamedia
=338  \\$aonline resource$2rdacarrier
=500  \\$aTitle from PDF caption (viewed on May 1, 2012).
=650  \0$aSocial planning$zScotland.
=650  \0$aMedical policy$zScotland.
=650  \0$aHousing policy$zScotland.
=651  \0$aScotland$xPolitics and government$y21st century.
=710  1\$aScotland.$bScottish Government.
=852  41$aBritish Library$bHMNTS$jDgital store
=856  40$uhttp://www.scotland.gov.uk/Resource/Doc/275377/0082588.pdf
=CAT  \\$a10902$b40$c20090729$lBLL01$h1213
=CAT  \\$a12181$b40$c20120501$lBLL01$h1842
=CAT  \\$aW1711-1225$c20171203$lBLL01$h1034
=FIN  \\$aY$d20120501
=FMT  \\$a  BK
=LAS  \\$aW1711-1225$b00$c20171203$lBLL01$h1034
=STA  \\$aSUPPRESSED$bunable to determine reason for suppression

