=LDR  03447 ai a2200721 a 4500
=001  015370690
=003  Uk
=005  20200729170256.0
=006  m\\\\\\\\d\\\\\\\\
=007  cr||||||||||||
=008  020111c200u9999vauuu\dss\\\\\0\\\a2eng\d
=035  \\$a(OCoLC)48770319$z(OCoLC)58644053$z(OCoLC)77581285
=040  \\$aMNN$cMNN$dOCLCQ$dZCU$dOCLCQ$dCUS$dUk
=042  \\$aukblsr
=043  \\$an-us---
=050  \4$aE173
=082  04$a070$222
=245  00$aProQuest historical newspapers$h[electronic resource].
=246  3\$aHistorical newspapers online
=246  13$aPro Quest historical newspapers
=246  13$aHistorical databases
=260  \\$aAnn Arbor, Mich. ;$a[Cambridge, U.K.] :$bProQuest
=336  \\$atext$2rdacontent
=337  \\$acomputer$2rdamedia
=338  \\$aonline resource$2rdacarrier
=362  1\$aBegan in 2002?
=500  \\$aTitle from information screen (viewed Mar. 3, 2010).
=506  \\$aAccess by subscription.
=516  \\$aText (electronic database).
=520  \\$aProQuest Historical Newspapers is the definitive newspaper digital archive offering full-text and full-image articles for significant newspapers dating back to the 18th century. Every issue of each title includes the complete paper, cover-to-cover, with full-page and article images in easily downloadable PDF format. The full collection of ProQuest Historical Newspapers contains over 30 million digitized pages.
=538  \\$aMode of access: World Wide Web.
=550  \\$aIssued by Proquest, UMI <viewed Jan. 11, 2002>.
=650  \0$aEnglish newspapers$vDatabases.
=650  \0$aIrish newspapers$vDatabases.
=650  \0$aAmerican newspapers$vDatabases.
=650  \0$aHistory, Modern$y18th century$vSources$vDatabases.
=650  \0$aHistory, Modern$y19th century$vSources$vDatabases.
=650  \0$aHistory, Modern$y20th century$vSources$vDatabases.
=650  \0$aHistory, Modern$y21st century$vSources$vDatabases.
=650  \0$aNewspapers$y18th century$vDatabases.
=650  \0$aNewspapers$y19th century$vDatabases.
=650  \0$aNewspapers$y20th century$vDatabases.
=650  \0$aNewspapers$y21st century$vDatabases.
=852  41$aBritish Library$bHMNTS$je-media
=856  40$uhttp://proquest.umi.com/pqdweb?RQT=573&TS=1185551521&clientId=67119
=985  \\$aThis was previously a 520 note, but decision to accession separately from 2020 to make invoicing easier, as for "Times of India". Following 985 was in a 520.
=985  \\$aOffers full facsimile page and article images with word searchable text of The Guardian (1821-2003), The Observer (1791-2003), the New York Times (1851-2006), the Irish Times (1859-2008), the Weekly Irish Times (1876-1958) and The Scotsman (1817-1950). Cross searching across all of these titles is available.
=CAT  \\$a10902$b40$c20090915$lBLL01$h1443
=CAT  \\$a3072$b40$c20100226$lBLL01$h1657
=CAT  \\$a3072$b40$c20100226$lBLL01$h1658
=CAT  \\$a3072$b40$c20100303$lBLL01$h1515
=CAT  \\$a3072$b40$c20100315$lBLL01$h1516
=CAT  \\$a3072$b40$c20100315$lBLL01$h1519
=CAT  \\$a3072$b40$c20100315$lBLL01$h1521
=CAT  \\$a3072$b40$c20100315$lBLL01$h1523
=CAT  \\$aBATCH-UPD$b40$c20131021$lBLL01$h1141
=CAT  \\$a3072$b40$c20200729$lBLL01$h1702
=FIN  \\$aY$d20100315
=FMT  \\$a  SE
=LAS  \\$a3072$b40$c20200729$lBLL01$h1702
=SID  \\$aZ39$bOCLC
=STA  \\$aSUPPRESSED$bDatabase
=TCO  \\$aTRS$bCCC$c008

