=LDR  01830 ai a2200469 a 4500
=001  015389654
=003  Uk
=005  20160531151027.0
=006  m\\\\\\\\d\\\\\\\\
=007  cr\mnu||||||||
=008  060215c20069999enkuu\\\s\\\\\0\\\a2eng\d
=015  \\$aGBB013297$2bnb
=035  \\$a(OCoLC)70785637
=040  \\$aUAB$cUAB$dDVP$dUk
=050  \4$aPN471
=082  04$a820.99287$222
=245  00$aOrlando$h[electronic resource] :$bwomen's writing in the British Isles from the beginnings to the present.
=260  \\$a[Cambridge, UK ;$aNew York] :$bCambridge University Press
=336  \\$atext$2rdacontent
=337  \\$acomputer$2rdamedia
=338  \\$aonline resource$2rdacarrier
=362  1\$aBegan in 2006?
=500  \\$aTitle from title screen (viewed Sept. 5, 2007).
=506  \\$aAccess restricted to authorized users and institutions.
=520  \\$aElectronic textbase on the history of women's writing, primarily focused upon the British Isles, with biographical entries, from 8th century AD to the present.
=538  \\$aMode of access: World Wide Web.
=650  \0$aWomen authors$zGreat Britain$vBiography$vDatabases.
=650  \0$aLiterature$xWomen authors$zGreat Britain$xHistory and criticism$vDatabases.
=852  41$aBritish Library$bHMNTS$je-media
=856  40$uhttp://orlando.cambridge.org/
=985  \\$anote about BL Reading Room access taken out - no longer subscribed to.
=CAT  \\$a10902$b40$c20091012$lBLL01$h1426
=CAT  \\$a3072$b40$c20100204$lBLL01$h1537
=CAT  \\$a11249$b40$c20100421$lBLL01$h1234
=CAT  \\$aBATCH-UPD$b40$c20131021$lBLL01$h1141
=CAT  \\$a3072$b40$c20160531$lBLL01$h1510
=FIN  \\$aY$d20100204
=FMT  \\$a  SE
=LAS  \\$a3072$b40$c20160531$lBLL01$h1510
=SID  \\$aZ39$bOCLC
=STA  \\$aSUPPRESSED$bDatabase
=TCO  \\$aCLA$bCLA$c008

