=LDR  01633 am a2200433 a 4500
=001  015484999
=003  Uk
=005  20110801094729.0
=006  m\\\\|\\\d\|\\\\\\
=007  cr||||||||||||
=008  100210s2010\\\\enk||||\s\\\\|000\0\eng\\
=040  \\$aUk$beng$cUk
=042  \\$aukblsr
=082  04$a362.197750942$223
=245  00$aManagement of general ophthamic services budget from April 2010 (Gateway reference 13253)$h[electronic resource].
=260  \\$a[London] :$bDept. of Health,$c2010.
=300  \\$a3 p. :$bdigital, PDF file.
=336  \\$atext$2rdacontent
=337  \\$acomputer$2rdamedia
=338  \\$aonline resource$2rdacarrier
=500  \\$aTitle from p.1 of PDF file (viewed on Aug. 1, 2011).
=500  \\$a"12 January 2010."
=538  \\$aMode of access: World Wide Web.
=538  \\$aSystem requirements: Adobe Acrobat Reader.
=650  \0$aOptometry$zEngland.
=650  \0$aPrimary health care$zEngland$xFinance.
=710  1\$aGreat Britain.$bDepartment of Health.
=852  41$aBritish Library$bHMNTS$jDepartment of Health
=856  40$uhttp://www.dh.gov.uk/dr_consum_dh/groups/dh_digitalassets/@dh/@en/@ps/documents/digitalasset/dh_111032.pdf
=985  \\$aRecord amended for WR# 13/070
=CAT  \\$a10983$b40$c20100210$lBLL01$h1115
=CAT  \\$a10983$b40$c20100210$lBLL01$h1116
=CAT  \\$a8141$b40$c20110801$lBLL01$h0947
=CAT  \\$aWR13_070$b00$c20130504$lBLL01$h0323
=CAT  \\$aW1711-1225$c20171203$lBLL01$h1036
=FIN  \\$aY$d20110801
=FMT  \\$a  BK
=LAS  \\$aW1711-1225$b00$c20171203$lBLL01$h1036
=STA  \\$aSUPPRESSED$bunable to determine reason for suppression

