=LDR  01889 am a2200493 a 4500
=001  015853625
=003  Uk
=005  20120618144949.0
=006  m\\\\|\\\d\|\\\\\\
=007  cr||||||||||||
=008  110722s2011\\\\enk\\\\\ob\\\|000\0\eng\\
=015  \\$aGBB258729$2bnb
=020  \\$z9780101815222
=040  \\$aUk$beng$cUk
=042  \\$aukblsr
=082  04$a362.630941$223
=245  00$aHousing benefit reform - supported housing$h[electronic resource] :$bproposals for change in the way housing benefit assists those living in supported housing within the social and voluntary sector with their rent : public consultation.
=260  \\$aNorwich :$bTSO,$c2011.
=300  \\$a1 online resource (32 p.).
=336  \\$atext$2rdacontent
=337  \\$acomputer$2rdamedia
=338  \\$aonline resource$2rdacarrier
=490  1\$aCm ;$v8152
=500  \\$aTitle from PDF title page (viewed on June 18, 2012).
=500  \\$a"July 2011."
=504  \\$aIncludes bibliographical references.
=530  \\$aAlso issued in print format.
=650  \0$aCongregate housing$zGreat Britain.
=650  \0$aRent subsidies$xGovernment policy$zGreat Britain.
=690  7\$aSocial Welfare$2blcoll
=710  1\$aGreat Britain.$bDepartment for Work and Pensions.
=830  \0$aCm (Series) (Great Britain. Parliament) ;$v8152.
=852  41$aBritish Library$bHMNTS$jVdep
=856  40$uhttp://www.dwp.gov.uk/docs/consult-supported-housing.pdf
=985  \\$aRecord amended for WR# 13/070
=CAT  \\$a10958$b40$c20110722$lBLL01$h1128
=CAT  \\$a10958$b40$c20110722$lBLL01$h1131
=CAT  \\$a8141$b40$c20120618$lBLL01$h1449
=CAT  \\$aWR13_070$b00$c20130504$lBLL01$h0333
=CAT  \\$aW1711-1225$c20171203$lBLL01$h1044
=FIN  \\$aY$d20120618
=FMT  \\$a  BK
=LAS  \\$aW1711-1225$b00$c20171203$lBLL01$h1044
=STA  \\$aSUPPRESSED$bunable to determine reason for suppression

