=LDR  01815 am a2200505 a 4500
=001  015854531
=003  Uk
=005  20130312113050.0
=006  m\\\\|\\\d\|\\\\\\
=007  cr\|||||||||||
=008  120314s2011\\\\enk\\\\\ob\\\o000\0\eng\d
=015  \\$aGBB322676$2bnb
=020  \\$z9781845328979
=040  \\$aIiNdDKA$beng$cIiNdDKA
=042  \\$aukblsr
=043  \\$ae-uk---
=082  04$a352.20941$223
=245  00$aCorporate governance in central government departments$h[electronic resource] :$bcode of good practice 2011.
=260  \\$aLondon :$bHM Treasury,$c2011.
=300  \\$a1 online resource (30 p.)
=336  \\$atext$2rdacontent
=337  \\$acomputer$2rdamedia
=338  \\$aonline resource$2rdacarrier
=500  \\$aTitle from PDF title page (viewed on Mar. 14, 2012).
=500  \\$aAt head of title: Cabinet Office.
=500  \\$a"July 2011."
=500  \\$aPublisher's no.: PU1138.
=504  \\$aIncludes bibliographical references.
=650  \0$aMinisterial responsibility$zGreat Britain.
=650  \0$aCorporate governance$zGreat Britain.
=651  \0$aGreat Britain$xOfficials and employees$xProfessional ethics.
=710  1\$aGreat Britain.$bTreasury.
=710  1\$aGreat Britain.$bCabinet Office.
=852  41$aBritish Library$bHMNTS$jVdep
=856  40$uhttp://www.hm-treasury.gov.uk/d/corporate_governance_good_practice_july2011.pdf
=985  \\$aNETCAT record
=CAT  \\$a10958$b40$c20110725$lBLL01$h1451
=CAT  \\$a10958$b40$c20110725$lBLL01$h1452
=CAT  \\$aBATCH-SURR$b00$c20130312$lBLL01$h1129
=CAT  \\$aW1711-1225$c20171203$lBLL01$h1044
=FIN  \\$aY$d20130312
=FMT  \\$a  BK
=LAS  \\$aW1711-1225$b00$c20171203$lBLL01$h1044
=SRC  \\$aNETCAT$be0121.mrc.20130312
=STA  \\$aSUPPRESSED$bunable to determine reason for suppression

