=LDR  02189 am a2200565 a 4500
=001  015858919
=003  Uk
=005  20181024170938.0
=006  m\\\\|\\\d\|\\\\\\
=007  cr\|||||||||||
=008  120425s2011\\\\enk\\\\\o\\\\o000\0\eng\d
=015  \\$aGBB323427$2bnb
=040  \\$aIiNdDKA$beng$cIiNdDKA
=042  \\$aukblsr
=043  \\$ae-uk-en$ae-uk-wl
=082  04$a362.82920942$223
=100  1\$aSteel, Nerissa.
=245  10$aSupporting high-risk victims of domestic violence$h[electronic resource] :$ba review of multi-agency risk assessment conferences (MARACs) /$cNerissa Steel, Laura Blakeborough and Sian Nicholas.
=260  \\$a[London] :$bHome Office,$c2011.
=300  \\$a1 online resource (iv p.).
=336  \\$atext$2rdacontent
=337  \\$acomputer$2rdamedia
=338  \\$aonline resource$2rdacarrier
=490  1\$aResearch report,$x1756-3666 ;$v55
=500  \\$aTitle from PDF caption (viewed on Apr. 25, 2012).
=500  \\$a"Summary.'
=500  \\$a"July 2011."
=650  \0$aFamily violence$zEngland$xPrevention.
=650  \0$aFamily violence$zWales$xPrevention.
=650  \0$aVictims of family violence$zEngland.
=650  \0$aVictims of family violence$zWales.
=700  1\$aBlakeborough, Laura.
=700  1\$aNicholas, Sian$c(Researcher on crime)
=710  1\$aGreat Britain.$bHome Office.
=830  \0$aResearch report (Great Britain. Home Office) ;$v55.
=852  41$aBritish Library$bHMNTS$jVdep
=856  40$uhttp://www.homeoffice.gov.uk/publications/science-research-statistics/research-statistics/crime-research/horr55/horr55-summary?view=Binary
=985  \\$aNETCAT record
=CAT  \\$a10958$b40$c20110801$lBLL01$h1247
=CAT  \\$a10958$b40$c20110801$lBLL01$h1249
=CAT  \\$aBATCH-SURR$b00$c20130312$lBLL01$h1130
=CAT  \\$a7332$b40$c20130515$lBLL01$h1610
=CAT  \\$aW1711-1225$c20171203$lBLL01$h1044
=CAT  \\$a7416$b40$c20181024$lBLL01$h1709
=CAT  \\$aBATCH-UPD$b40$c20181024$lBLL01$h1829
=FIN  \\$aY$d20130312
=FMT  \\$a  BK
=LAS  \\$aBATCH-UPD$b40$c20181024$lBLL01$h1829
=SRC  \\$aNETCAT$be0121.mrc.20130312
=STA  \\$aSUPPRESSED$bunable to determine reason for suppression

