=LDR  02295 ai a2200529 a 4500
=001  016050942
=003  Uk
=005  20120315150445.0
=006  m\\\\\\\\d\\\\\\\\
=007  cr\cn|||||||||
=008  100510c20uu9999vau\x\dso\\\\\0\\\\2eng\d
=FMT  \\$a  SE
=035  \\$a(OCoLC)613230327
=040  \\$aZCU$beng$cZCU$dNOC$dNUI$dOCLCQ$dUk
=042  \\$aukblsr
=050  \4$aPN6720
=082  04$a741.5973$222
=245  00$aUnderground & independent comics, comix, and graphic novels$h[electronic resource].
=246  3\$aUnderground and independent comics, comix, and graphic novels
=246  1\$iTitle from HTML header:$aUnderground and independent comics
=260  \\$aAlexandria, Va. :$bAlexander Street Press
=310  \\$aUpdated irregularly
=336  \\$atext$2rdacontent
=337  \\$acomputer$2rdamedia
=338  \\$aonline resource$2rdacarrier
=362  1\$aBegan in 2010?
=538  \\$aMode of access: World Wide Web.
=500  \\$aTitle from home page welcome statement (viewed Mar. 15, 2012).
=520  \\$aA scholarly online collection for researchers of adult comic books and graphic novels, focusing particularly on North American content. Beginning with the first underground comix from the 1960s to the work of modern sequential artists to the present day, content is supplemented by interviews, criticism, and journal articles. Note: contains graphic material that some may find offensive.
=506  \\$aAccess limited to subscribers.
=650  \0$aComic books, strips, etc.$zNorth America$vDatabases.
=650  \0$aUnderground comic books, strips, etc.$zNorth America$vDatabases.
=650  \0$aGraphic novels$zNorth America$vDatabases.
=650  \0$aUnderground press$zNorth America$vDatabases.
=655  \4$aElectronic reference sources.
=710  2\$aAlexander Street Press.
=856  40$uhttp://comx.alexanderstreet.com/
=852  41$aBritish Library$bHMNTS$je-media
=CAT  \\$a10902$b40$c20120314$lBLL01$h1542
=CAT  \\$a3072$b40$c20120315$lBLL01$h1501
=CAT  \\$a3072$b40$c20120315$lBLL01$h1503
=CAT  \\$a3072$b40$c20120315$lBLL01$h1504
=CAT  \\$aBATCH-UPD$b40$c20131021$lBLL01$h1142
=FIN  \\$aY$d20120315
=SID  \\$aZ39$bOCLC
=STA  \\$aSUPPRESSED$bDatabase
=LAS  \\$aBATCH-UPD$b40$c20131021$lBLL01$h1142

