=LDR  02932 ai a2200661 a 4500
=001  016061350
=003  Uk
=005  20120607145709.0
=006  m\\\\\\\\d\\\\\\\\
=007  cr|cn|||||||||
=008  110128c200u9999miumr\d\o\\\\\0\\\a2eng\d
=FMT  \\$a  SE
=035  \\$a(OCoLC)750168005
=040  \\$aNjP$beng$cPUL$dUVV$dZCU$dCUI$dOCLCQ$dCOO$dUk
=041  \\$aeng$bmul
=042  \\$aukblsr
=050  \4$aTT500
=082  04$a646.3405$223
=245  04$aThe Vogue archive$h[electronic resource].
=246  13$aVogue
=260  \\$a[Ann Arbor, Mich] :$bProquest
=300  \\$a1 online resource.
=336  \\$atext$2rdacontent
=337  \\$acomputer$2rdamedia
=338  \\$aonline resource$2rdacarrier
=500  \\$aTitle from search screen (viewed Aug. 31, 2011).
=520  \\$aEntire run of Vogue magazine (US edition) from 1892 to the present day, including all text, graphics, ads, covers and fold-outs, indexed and in colour. Contents represent the work of designers, photographers, stylists and illustrators of the 20th and 21st centuries and are a primary source for the study of fashion, gender and modern social history.
=546  \\$aInterface in various languages.
=538  \\$aMode of access: World Wide Web.
=580  \\$aPrint issues absorbed: Vanity fair (New York, N.Y.) in Mar. 1936, which resumed publication in Mar. 1983.
=540  \\$aCurrent Copyright Fee: GBP0.76$c0$5Uk
=650  \0$aDressmaking$vPeriodicals.
=650  \0$aFashion$vPeriodicals.
=650  \0$aPopular culture in advertising$zUnited States$vPeriodicals.
=650  \0$aPopular culture in advertising$vPeriodicals.
=653  \\$aGeneral Interest and Reference
=653  \\$aImages
=653  \\$aScience and Technology
=653  \\$aTextiles and Fashion Design
=655  \4$aElectronic reference sources.
=730  02$aVogue (New York, N.Y.)$x0042-8000.
=856  40$uhttp://search.proquest.com/vogue/advanced?accountid=13314
=852  41$aBritish Library$bHMNTS$je-media
=985  \\$aIssues are successive within the resource but the resource is also a database (serial v. integ. res.). But as the issues are presented as individual pages, rather than as complete issues & the resource functions primarily as a database, then best as a database.
=CAT  \\$a10902$b40$c20120402$lBLL01$h0906
=CAT  \\$a12165$b40$c20120514$lBLL01$h1601
=CAT  \\$a12165$b40$c20120514$lBLL01$h1604
=CAT  \\$a12165$b40$c20120514$lBLL01$h1639
=CAT  \\$aBATCH-CLA$b00$c20120531$lBLL01$h1724
=CAT  \\$a3072$b40$c20120607$lBLL01$h1456
=CAT  \\$a3072$b40$c20120607$lBLL01$h1457
=CAT  \\$aIPL-CLA$c20120629$lBLL01$h1042
=CAT  \\$aBATCH-UPD$b00$c20131021$lBLL01$h1142
=CFI  0\$aCurrent Copyright Fee: GBP0.76$c0$e01-jul-2012$fGBP0.76$g0$hC$5Uk
=FIN  \\$aY$d20120514
=SID  \\$aZ39$bOCLC
=STA  \\$aSUPPRESSED$bDatabase
=LAS  \\$aBATCH-UPD$b00$c20131021$lBLL01$h1142

