=LDR  02154 am a2200541 a 4500
=001  016073658
=003  Uk
=005  20130612134537.0
=006  m\\\\|\\\d\|\\\\\\
=007  cr\|||||||||||
=008  120912s2012\\\\enka\\\\\\\\\o000\0\eng\d
=FMT  \\$a  BK
=015  \\$aGBB332308$2bnb
=016  7\$a016073658$2Uk
=020  \\$z9781840994971 (paperback)
=040  \\$aIiNdDKA$beng$cIiNdDKA
=042  \\$aukblsr
=043  \\$ae-uk-en
=082  04$a364.6809421$223
=245  00$aCore case inspection of youth offending work in England and Wales$h[electronic resource] :$breport on youth offending work in : Haringey.
=260  \\$aManchester :$bHM Chief Inspector of Probation,$c2012.
=300  \\$a1 online resource (29 p.) :$bcol. ill.
=336  \\$atext$2rdacontent
=337  \\$acomputer$2rdamedia
=338  \\$aonline resource$2rdacarrier
=500  \\$aTitle from PDF title page (viewed on Sept. 12, 2012).
=500  \\$aAt head of title: Inspection of Youth Offending, Criminal Justice Joint Inspection.
=650  \0$aProbation$zEngland$zLondon.
=650  \0$aJuvenile delinquency$zEngland$zLondon.
=650  \0$aJuvenile delinquents$zEngland$zLondon.
=650  \0$aJuvenile justice, Administration of$zEngland$zLondon.
=651  \0$aHaringey (London, England)
=710  1\$aGreat Britain.$bHM Inspectorate of Probation.
=710  2\$aInspection of Youth Offending (Programme)
=710  1\$aGreat Britain.$bCriminal Justice Joint Inspection.
=856  40$uhttp://www.justice.gov.uk/downloads/publications/inspectorate-reports/hmiprobation/haringey-cci.pdf
=852  41$aBritish Library$bHMNTS$jOPA.2013.x.303
=985  \\$aNETCAT record
=CAT  \\$a10983$b40$c20120425$lBLL01$h0910
=CAT  \\$a10983$b40$c20120425$lBLL01$h0912
=CAT  \\$aBATCH-SURR$b00$c20130327$lBLL01$h1511
=CAT  \\$a5004$b40$c20130612$lBLL01$h1345
=CAT  \\$aWR16_021$c20160704$lBLL01$h1807
=CAT  \\$aW1711-1225$c20171203$lBLL01$h1048
=FIN  \\$aY$d20130327
=SRC  \\$aNETCAT$be2262.mrc.20130327
=STA  \\$aSUPPRESSED$bunable to determine reason for suppression
=LAS  \\$aW1711-1225$b00$c20171203$lBLL01$h1048

