=LDR  02929cai a2200733 i 4500
=001  016232346
=003  Uk
=005  20230223161656.0
=006  m\\\\\o\\d\\\\\\\\
=007  cr\bn|||||||||
=008  130830c18969999enk\x\\oo\\\\\0\\\c2eng\c
=FMT  \\$a  SE
=010  \\$a  2014238044
=035  \\$a(OCoLC)857301405
=040  \\$aVXW$beng$cVXW$dZCU$dIUL$dOCLCO$dOCLCF$dIUL$dBUB$dOCLCA$dIUL$dUk$erda
=042  \\$aukblsr
=050  \4$aPN5129.L7
=082  04$a072.1$223
=245  00$aDaily mail historical archive.
=264  \1$a[Farmington Hills, Michigan?] :$bGale, a Cengage Company
=300  \\$a1 online resource
=310  \\$aIrregular
=336  \\$atext$2rdacontent
=336  \\$astill image$2rdacontent
=337  \\$aunmediated$2rdamedia
=337  \\$acomputer$2rdamedia
=338  \\$avolume$2rdacarrier
=338  \\$aonline resource$2rdacarrier
=362  1\$aCoverage begins with no. 1 (May 4, 1896).
=490  1\$3<January 21, 2021>-:$aGale primary sources
=500  \\$aAvailable in modules, e.g. 1896-2004 to be updated by 2005/2016, etc. <2021>
=588  \\$aTitle from home page, 1896-2004 update (viewed January 21, 2021).
=520  \\$aFull-text articles and images from the Daily mail (1896 etc.) and the Daily mail Atlantic edition (1923-1931). Includes essays on the Daily Mail.
=651  \0$aLondon (England)$vNewspapers.
=651  \0$aGreat Britain$vNewspapers.
=651  \7$aEngland$zLondon.$2fast$0(OCoLC)fst01204271
=651  \7$aGreat Britain.$2fast$0(OCoLC)fst01204623
=655  \7$aDatabases.$2fast$0(OCoLC)fst01411643
=655  \7$aNewspapers.$2fast$0(OCoLC)fst01423814
=710  2\$aGale (Firm),$eissuing body.
=730  02$iContains (work):$aDaily mail (London, England)
=740  02$aDaily mail Atlantic edition
=775  08$tDaily mail Atlantic edition
=776  08$iPrint version:$tDaily mail (London, England)$x0307-7578
=776  08$iMicrofilm version:$tDaily mail (London, England)
=830  \0$aGale primary sources
=883  0\$aLanguage codes assigned by Bayesian analysis of words present in record$d20201028$qUk$c0.9010
=856  40$uhttp://find.galegroup.com/dmha/
=856  40$uhttp://infotrac.galegroup.com/itweb/columbiau?db=DMHA
=856  40$uhttps://go.gale.com/ps/start.do?p=DMHA
=852  41$aBritish Library$bHMNTS$je-media
=985  \\$aUpgraded by BSS-generated file for WR2011-1472
=985  \\$aUpdated by MS generated file for WR2302-017
=CAT  \\$a10902$b40$c20121217$lBLL01$h1420
=CAT  \\$aBATCH-UPD$b40$c20131021$lBLL01$h1141
=CAT  \\$aFIX-001$c20151007$lBLL01$h1807
=CAT  \\$aW2011-1472$b00$c20201127$lBLL01$h1832
=CAT  \\$a3072$b40$c20210121$lBLL01$h1155
=CAT  \\$a3072$b40$c20210121$lBLL01$h1210
=CAT  \\$aW2302-0174$c20230223$lBLL01$h1959
=FIN  \\$aY$d20210121
=SRC  \\$aBLL02
=STA  \\$aSUPPRESSED$bDatabase
=LAS  \\$aW2302-0174$b00$c20230223$lBLL01$h1959

