=LDR  02608 ai a2200601 a 4500
=001  016590936
=003  Uk
=005  20161101142232.0
=006  m\\\\\o\\d\\\\\\\\
=007  cr\cn|||||||||
=008  110218c20109999gw\uu\d\oba\\\0\\\b2ger\d
=FMT  \\$a  SE
=020  \\$a9783484979802
=020  \\$a3484979801
=022  0\$a2193-2794
=035  \\$a(OCoLC)702663508
=040  \\$aZCU$beng$cZCU$dOCLCQ$dTJC$dOCLCQ$dGZM$dOCLCQ$dOCLCF$dOCLCO$dOCLCQ$dCOO$dOCLCQ$dCUY$dUk
=041  0\$ager$aeng
=042  \\$aukblsr
=050  \4$aZ2235.A2
=082  04$a016.43$223
=222  \0$aGermanistik-Online-Datenbank
=245  00$aGermanistik Online Datenbank :$binternationales Referatenorgan mit bibliographischen.
=246  31$aGermanistik Online Database :$binternational journal of papers with bibliographical References
=260  \\$aBerlin ;$aBoston, MA :$bDe Gruyter
=336  \\$atext$2rdacontent
=337  \\$acomputer$2rdamedia
=338  \\$aonline resource$2rdacarrier
=362  1\$aBegan in 2010.
=515  \\$aCovers Hinweisen 1 (1960) etc.
=546  \\$aIn German and English.
=538  \\$aMode of access: World Wide Web.
=520  \\$aGermanistik Online Datenbank is an international indexing resource for all aspects of German linguistic and literary studies, including related disciplines such as theatre studies, media studies and cultural history, covering around 340,000 journals, monographic studies, volumes of essays. It provides access to the complete run of the printed version and is regularly updated to include the latest additions.
=506  \\$aAccess limited to subscribers.
=588  \\$aDescription based on contents viewed on November 1, 2016; title from resource home page.
=650  \0$aGerman philology$vBibliography$vDatabases.
=650  \0$aGermanic philology$vBibliography$vDatabases.
=650  \7$aGerman philology.$2fast$0(OCoLC)fst00941908
=650  \7$aGermanic philology.$2fast$0(OCoLC)fst00942066
=655  \4$aElectronic reference sources.
=655  \7$aBibliography.$2fast$0(OCoLC)fst01423717
=655  \7$aDatabases.$2fast$0(OCoLC)fst01411643
=787  0\$tGermanistik (Tübingen, Germany)$x0016-8912
=856  40$uhttp://www.degruyter.com/view/db/germanistik
=852  41$aBritish Library$bHMNTS$je-media
=CAT  \\$a10902$b40$c20131231$lBLL01$h1126
=CAT  \\$a11279$b40$c20141009$lBLL01$h1123
=CAT  \\$a3072$b40$c20161101$lBLL01$h1419
=CAT  \\$a3072$b40$c20161101$lBLL01$h1422
=FIN  \\$aY$d20161101
=SID  \\$aZ39$bOCLC
=STA  \\$aSUPPRESSED$bDatabase
=LAS  \\$a3072$b40$c20161101$lBLL01$h1422

