=LDR  03313 am a2200709 a 4500
=001  016659746
=003  Uk
=005  20150617120949.0
=006  m\\\\\o\\d\\\\\\\\
=007  cr\m||||||||||
=008  090715c20099999flumr\dso\\\\\0\\\\2eng\d
=FMT  \\$a  BK
=035  \\$a(OCoLC)425966273
=040  \\$aSTF$beng$cSTF$dSTF$dVPI$dZCU$dCUS$dUMC$dOCLCQ$dNDD$dNUI$dOCLCF
=043  \\$an-us---
=050  \4$aPN4882.5$b.A47
=245  00$aAfrican-American newspapers, 1827-1998$h[electronic resource].
=260  \\$a[Naples, Fla.] :$bReadex, a division of NewsBank
=300  \\$a1 online resource.
=310  \\$aUpdated monthly
=336  \\$atext$btxt$2rdacontent
=337  \\$acomputer$bc$2rdamedia
=338  \\$aonline resource$bcr$2rdacarrier
=362  1\$aBegan in 2009.
=490  1\$aArchive of Americana
=500  \\$aTitle from search page (viewed Nov. 3, 2009).
=520  \\$aPart of the Readex America's Historical Newspapers collection, African American Newspapers, 1827-1998 was created from the most extensive African American newspaper archives in the United States--those of the Wisconsin Historical Society, Kansas State Historical Society and the Library of Congress. Beginning with Freedom's Journal (NY), the first African American newspaper published in the United States, the titles in this resource include The Colored Citizen (OH), Rights of All (NY), Wisconsin Afro-American, New York Age, Virginia Journal and Alexandria Advertiser, Richmond Planet, Cleveland Gazette, The Appeal (MN) and hundreds of others from every region of the U.S.
=506  \\$aAccess restricted to subscribing institutions.
=650  \0$aAfrican American newspapers$vDatabases.
=650  \0$aAmerican newspapers$vDatabases.
=650  \0$aAfrican Americans$xHistory$y19th century$vSources.
=650  \0$aAfrican Americans$xHistory$y20th century$vSources.
=651  \0$aUnited States$vNewspapers.
=650  \7$aAfrican American newspapers.$2fast$0(OCoLC)fst00799278
=650  \7$aAfrican Americans.$2fast$0(OCoLC)fst00799558
=650  \7$aAmerican newspapers.$2fast$0(OCoLC)fst00807293
=651  \7$aUnited States.$2fast$0(OCoLC)fst01204155
=648  \7$a1800 - 1999$2fast
=655  \4$aElectronic reference sources.
=655  \7$aDatabases.$2fast$0(OCoLC)fst01411643
=655  \7$aHistory.$2fast$0(OCoLC)fst01411628
=655  \7$aNewspapers.$2fast$0(OCoLC)fst01423814
=655  \7$aSources.$2fast$0(OCoLC)fst01423900
=710  2\$aNewsBank, inc.
=730  02$aFreedom's journal (New York, N.Y. : 1827)
=730  02$aColored citizen (Cincinnati, Ohio)
=730  02$aRights of all.
=730  02$aWisconsin Afro-American.
=730  02$aNew York age (New York, N.Y. : 1887)
=730  02$aVirginia journal and Alexandria advertiser.
=730  02$aRichmond planet.
=730  02$aCleveland gazette (Cleveland, Ohio : 1883)
=730  02$aAppeal (Saint Paul, Minn.)
=773  0\$tAmerica's historical newspapers.
=830  \0$aArchive of Americana.
=856  40$uhttp://infoweb.newsbank.com/?db=EANX&d_collections=EANAAA
=852  41$aBritish Library$bHMNTS$je-media
=CAT  \\$a5512$b40$c20140326$lBLL01$h1625
=CAT  \\$a11279$b40$c20150617$lBLL01$h1209
=SID  \\$aZ39$bOCLC
=STA  \\$aSUPPRESSED$bDatabase
=LAS  \\$a11279$b40$c20150617$lBLL01$h1209

