=LDR  05960 as a2201057 i 4500
=001  016716638
=003  Uk
=005  20160602111725.0
=006  m\\\\\o\\d\\\\\\\\
=007  cr\mnu||||||||
=008  140121c19uu9999nyuwr\d\oi\\\\0\\\a2eng\c
=FMT  \\$a  SE
=010  \\$a  2014254855
=015  \\$aGBB613744$2bnb
=035  \\$a(OCoLC)868725183$z(OCoLC)731992624$z(OCoLC)858311130
=040  \\$aZCU$beng$cZCU$dCUS$dNDD$dOCLCO$dCUS$dOCLCO$dOCLCQ$dOCLCO$dOCLCF$dOCLCO$dNDD$dUk$erda
=042  \\$aukblsr
=050  14$aZ7401
=082  04$a011$223
=245  00$aWeb of science.$pWeb of science core collection.
=246  1\$aWeb of science core collection
=246  1\$aWOS
=246  1\$iAlso known as:$aWeb of science citation databases
=247  10$aWeb of knowledge.$pWeb of science
=247  10$aISI web of knowledge.$pWeb of science
=247  10$aWeb of science$f<May 6, 2011>
=264  \1$a[New York, NY] :$bThomson Reuters
=310  \\$aUpdated weekly
=336  \\$atext$2rdacontent
=337  \\$acomputer$2rdamedia
=338  \\$aonline resource$2rdacarrier
=506  \\$aAccess restricted to subscribing institutions.
=520  \\$aCollection of databases providing multidisciplinary literature coverage - including cited references - in the sciences, social sciences and arts & humanities. Provides access to the Science Citation Index Expanded (1900-present); Social Sciences Citation Index (1956-present) and the Arts & Humanities Citation Index (1975-present). Also provides access to the Book Citation Index Science (2005-present); Book Citation Index Social Sciences & Humanities; Current Chemical Reactions (1993-present); Index Chemicus (1993-present) and information from the Conference Proceedings Citation Index- Science (2006-present) Conference Proceedings Citation Index- Social Science & Humanities (2006-present) and Emerging sources citation index 2015-present).
=588  \\$aDescription based on contents viewed on January 28, 2016; title from database search screen.
=650  \0$aScience$vIndexes$vDatabases.
=650  \0$aScience$xPeriodicals$vIndexes$vDatabases.
=650  \0$aSocial sciences$vIndexes$vDatabases.
=650  \0$aSocial sciences$xPeriodicals$vIndexes$vDatabases.
=650  \0$aArts$vIndexes$vDatabases.
=650  \0$aArts$xPeriodicals$vIndexes$vDatabases.
=650  \0$aHumanities$vIndexes$vDatabases.
=650  \0$aHumanities$xPeriodicals$vIndexes$vDatabases.
=650  \7$aArts.$2fast$0(OCoLC)fst00817721
=650  \7$aArts$xPeriodicals.$2fast$0(OCoLC)fst00817785
=650  \7$aHumanities.$2fast$0(OCoLC)fst00963588
=650  \7$aHumanities$xPeriodicals.$2fast$0(OCoLC)fst00963616
=650  \7$aScience.$2fast$0(OCoLC)fst01108176
=650  \7$aScience$xPeriodicals.$2fast$0(OCoLC)fst01108326
=650  \7$aSocial sciences.$2fast$0(OCoLC)fst01122877
=650  \7$aSocial sciences$xPeriodicals.$2fast$0(OCoLC)fst01122939
=653  \\$aagriculture$aanthropology$aarchaeology$aarea studies$abehavioral sciences$abusiness$achemistry$acommunication$acriminology & penology$ademography$aearth sciences$aeconomics$aeducation$aenvironmental studies$aergonomics$aethnic studies$afamily studies$ageriatrics & gerontology$ahealth policy & services$ahistory$aindustrial relations & labor$ainternational relations$alanguage & linguistics$alaw$amanagement$anursing$aphilosophy$aplanning & development$apolitical science$apsychology$apublic administration$apublic health$asocial issues$asocial work$asociology$asubstance abuse$atransportation$aurban studies$awomens studies
=655  \4$aElectronic reference sources.
=655  \7$aDatabases.$2fast$0(OCoLC)fst01411643
=655  \7$aIndexes.$2fast$0(OCoLC)fst01423761
=710  2\$aThomson Reuters,$eissuing body.
=710  2\$aInstitute for Scientific Information.
=730  02$aScience citation index expanded.
=730  02$aSocial sciences citation index.
=730  02$aArts & humanities citation index.
=740  02$aConference proceedings citation index.$pScience.
=740  02$aConference proceedings citation index.$pSocial science & humanities.
=740  02$aBook citation index.$pScience.
=740  02$aBook citation index.$pSocial sciences & humanities.
=740  02$aCurrent chemical reactions.
=740  02$aIndex chemicus.
=740  02$aEmerging sources citation index.
=773  08$iContained in (work):$tWeb of science
=776  08$iPrint version:$tScience citation index$x0036-827X
=776  08$iPrint version:$tSocial sciences citation index$x0091-3707
=776  08$iPrint version:$tArts & humanities citation index$x0162-8445
=776  08$iPrint version:$tConference proceedings citation index. Science (CPCI-S)
=776  08$iPrint version:$tConference proceedings citation index. Social science & humanities (CPCI-SSH)
=776  08$iPrint version:$tBook citation index. Science (BKCI-S)
=776  08$iPrint version:$tBook citation index. Social sciences & humanities (BKCI-SSH)
=776  08$iPrint version:$tCurrent chemical reactions$x0163-6278
=776  08$iPrint version:$tIndex chemicus$x0891-6055
=856  40$uhttp://webofknowledge.com/WOS
=856  40$uhttp://isiknowledge.com/WOS
=856  40$uhttp://sub3.webofknowledge.com/error/Error?PathInfo=/&Alias=WOK5&Domain=.webofknowledge.com&Src=IP&RouterURL=http://www.webofknowledge.com/&Error=IPError
=852  41$aBritish Library$bSTI$je-media
=985  \\$aBrief record enhanced. Discussed with Barbara in Invoice processing; from 2016 invoicing to be paid on 011775548.
=CAT  \\$a10902$b40$c20140515$lBLL01$h1303
=CAT  \\$a3072$b40$c20160128$lBLL01$h1337
=CAT  \\$a3072$b40$c20160128$lBLL01$h1338
=CAT  \\$a3072$b40$c20160202$lBLL01$h1514
=CAT  \\$a3072$b40$c20160202$lBLL01$h1542
=CAT  \\$a3072$b40$c20160602$lBLL01$h1117
=FIN  \\$aY$d20160128
=SID  \\$aZ39$bOCLC
=STA  \\$aSUPPRESSED$bDatabase
=LAS  \\$a3072$b40$c20160602$lBLL01$h1117

