=LDR  02072cai a2200541 a 4500
=001  014056159
=003  Uk
=005  20221123171821.0
=006  m\\\\\\\\d\\\\\\\\
=007  cr\cn|||||||||
=008  070807d200u2022ctumr\dss\\\\\0\\\a2eng\d
=FMT  \\$a  SE
=035  \\$a(OCoLC)163280699
=040  \\$aJPG$cJPG$dJPG$dVP@$dUk
=042  \\$aukblsr
=050  \4$aZ1000$b.A51
=130  0\$aAmerican book prices current (Online)
=245  10$aAmerican book prices current$h[electronic resource].
=246  1\$iAlso known as:$aABPC
=260  \\$aWashington, CT :$bBancroft-Parkman
=310  \\$aUpdated monthly
=336  \\$atext$2rdacontent
=337  \\$acomputer$2rdamedia
=338  \\$aonline resource$2rdacarrier
=362  1\$aBegan in 2000s; ceased in December 2022.
=538  \\$aMode of access: World Wide Web.
=580  \\$aTo 2005? also issued in print format; to 2006? also issued on CD-ROM.
=500  \\$aTitle from database search screen (viewed on Aug. 7, 2007).
=516  \\$aSearchable database.
=520  \\$aAnnual record of books, manuscripts, autographs, maps and broadsides sold at auction in the US and Canada, the UK and selected other countries including Germany, the Netherlands, Switzerland and Australia. Database covers 1975-2022.
=650  \0$aBooks$xPrices$vDatabases.
=650  \0$aAutographs$xPrices$vDatabases.
=650  \0$aManuscripts$xPrices$vDatabases.
=776  1\$tAmerican book prices current$x0091-9357
=780  10$tABPC on CD-ROM
=856  40$uhttp://search.bookpricescurrent.com
=852  41$aBritish Library$bHMNTS$je-media
=985  \\$aNotified from Acquisitions that "title ceased from Dec. 2022".
=CAT  \\$a6524$b40$c20071009$lBLL01$h1030
=CAT  \\$a6524$b40$c20071009$lBLL01$h1031
=CAT  \\$a3072$b40$c20090811$lBLL01$h1528
=CAT  \\$aBATCH-UPD$b40$c20131021$lBLL01$h1141
=CAT  \\$a3072$b40$c20221123$lBLL01$h1718
=FIN  \\$aY$d20090811
=SID  \\$aZ39$bOCLC
=STA  \\$aSUPPRESSED$bDatabase
=TCO  \\$aTRS$bCCC$c008
=LAS  \\$a3072$b40$c20221123$lBLL01$h1718

