=LDR  05137 ai a2200985 a 4500
=001  014530181
=003  Uk
=005  20161215163342.0
=006  m\\\\\o\\d\\\\\\\\
=007  cr\cnu||||||||
=008  120606c20129999ne\uu\dso\a\\\0\\\a2eng\\
=FMT  \\$a  SE
=035  \\$a(OCoLC)795324197
=040  \\$aAU@$beng$cAU@$dOCLCO$dOCLCQ$dUk
=042  \\$aukblsr
=043  \\$ae-ur---
=245  00$aMass culture and entertainment in Russia.
=246  3\$aMass culture & entertainment in Russia
=246  3\$aBrill.$pPrimary sources.$pMass culture and entertainment in Russia
=246  3\$aBrill.$pPrimary sources online.$pMass culture and entertainment in Russia
=246  3\$aPrimary sources online.$pMass culture and entertainment in Russia
=260  \\$a[Leiden, The Netherlands] :$bIDC Publishers :$bBrill [distributor],$c2012-
=336  \\$atext$btxt$2rdacontent
=337  \\$acomputer$bc$2rdamedia
=338  \\$aonline resource$bcr$2rdacarrier
=500  \\$aTitle from title screen (viewed June 6, 2012).
=505  0\$a1. Children's leisure activities in Russia, 1920's-1940's -- 2. Cult of body. -- 3. Early Russian cinema. -- 4. Imperial Russia's illustrated press. -- 5. Jewish theater under Stalinism. -- 6. Mass media in Russia, 1908-1918. -- 7. Popular literature, fiction and songs in Russia. -- 8. Russian avant-garde, 1904-1946. -- 9. Russian theater in the early 20th century. -- 10. Screen and stage. -- 11. Soviet cinema. -- 12. Soviet cinema: archival documents. -- 13. World of children in the USSR. -- 14. Yearbook of the imperial theaters.
=506  \\$aAccess restricted to users at subscribing institutions.
=520  \\$a"Mass Culture & Entertainment in Russia comprises collections of extremely rare, and often unique, materials that offer a stunning insight into the dynamics of cultural and daily life in imperial and Soviet Russia. The series is organized along six thematic lines that together cover the full spectrum of nineteenth- and twentieth-century Russian culture, ranging from the penny press and high-brow art journals in pre-Revolutionary Russia, to children's magazines and publications on constructivist design in the early Soviet Union."--Publisher description.
=538  \\$aMode of access: World Wide Web.
=650  \0$aTheater$zRussia$xHistory$vSources.
=650  \0$aTheater$zRussia (Federation)$xHistory$vSources.
=650  \0$aMotion pictures$zRussia$xHistory$vSources.
=650  \0$aMotion pictures$zRussia (Federation)$xHistory$vSources.
=650  \0$aRussian fiction$y19th century$vSources.
=650  \0$aRussian fiction$y20th century$vSources.
=650  \0$aPopular culture$zRussia (Federation)$xHistory$vSources.
=650  \0$aPopular culture$zRussia$xHistory$vSources.
=650  \0$aMass media$zRussia$xHistory$vSources.
=650  \0$aMass media$zSoviet Union$xHistory$vSources.
=650  \0$aArt, Russian$y19th century$xHistory$vSources.
=650  \0$aArt, Russian$y20th century$xHistory$vSources.
=650  \0$aArchitecture$zRussia$xHistory$vSources.
=650  \0$aArchitecture$zSoviet Union$xHistory$vSources.
=651  \0$aRussia$xHistory$vSources.
=651  \0$aRussia$xIntellectual life$y1801-1917$vSources.
=651  \0$aRussia$xIntellectual life$y20th century$vSources.
=651  \0$aRussia$xSocial life and customs$y1533-1917$vSources.
=651  \0$aRussia$xCivilization$y1801-1917$vSources.
=651  \0$aRussia (Federation)$xCivilization$y20th century$vSources.
=651  \0$aRussia (Federation)$xHistory$vSources.
=651  \0$aRussia (Federation)$xIntellectual life$vSources.
=651  \0$aRussia (Federation)$xSocial life and customs$vSources.
=651  \0$aRussia (Federation)$xReligious life and customs$vSources.
=710  2\$aBrill Academic Publishers.
=710  2\$aInter Documentation Company.
=730  02$aChildren's leisure activities in Russia, 1920's-1940's.
=730  02$aCult of body.
=730  02$aEarly Russian cinema.
=730  02$aImperial Russia's illustrated press.
=730  02$aJewish theater under Stalinism.
=730  02$aMass media in Russia, 1908-1918.
=730  02$aPopular literature, fiction and songs in Russia.
=730  02$aRussian avant-garde, 1904-1946.
=730  02$aRussian theater in the early 20th century.
=730  02$aScreen and stage.
=730  02$aSoviet cinema.
=730  02$aSoviet cinema: archival documents.
=730  02$aWorld of children in the USSR.
=730  02$aYearbook of the imperial theaters.
=856  40$uhttp://ewww.idc-digilib.nl/
=852  41$aBritish Library$bHMNTS$je-media
=CAT  \\$a6524$b40$c20080226$lBLL01$h1607
=CAT  \\$a6524$b40$c20080226$lBLL01$h1610
=CAT  \\$a3072$b40$c20080909$lBLL01$h1418
=CAT  \\$aBATCH-UPD$b40$c20131021$lBLL01$h1141
=CAT  \\$aWR14_185$c20160214$lBLL01$h1232
=CAT  \\$a3072$b40$c20161215$lBLL01$h1630
=CAT  \\$a3072$b40$c20161215$lBLL01$h1632
=CAT  \\$a3072$b40$c20161215$lBLL01$h1633
=FIN  \\$aY$d20161215
=SID  \\$aZ39$bOCLC
=STA  \\$aSUPPRESSED$bDatabase
=TCO  \\$aZZZ$c008
=LAS  \\$a3072$b40$c20161215$lBLL01$h1633

