=LDR  01817 am a2200517 a 4500
=001  014802308
=003  Uk
=005  20090211130109.0
=006  m\\\\|\\\d\|\\\\\\
=007  cr||||||||||||
=008  081113s2002\\\\enk||||\s\\\\o000\0\eng\\
=FMT  \\$a  BK
=015  \\$aGBA8D2714$2bnb
=020  \\$cNo price
=040  \\$aUk$beng$cUk
=042  \\$aukblsr
=082  04$a363.50680941$222
=100  1\$aBolton, Gill.
=245  10$aEmbedding risk management - some tips and tactics$h[electronic resource] /$cby Gill Bolton and Sarah Blackburn.
=260  \\$aLondon :$bHousing Corporation,$c2002.
=300  \\$a8 p. :$bdigital, PDF file.
=336  \\$atext$2rdacontent
=337  \\$acomputer$2rdamedia
=338  \\$aonline resource$2rdacarrier
=490  1\$aRisk management topic paper ;$vno. 2
=538  \\$aMode of access: World Wide Web.
=538  \\$aSystem requirements: Adobe Acrobat Reader.
=500  \\$aTitle from p.1 of PDF file (viewed on Nov. 20, 2008).
=500  \\$a"May 2002."
=650  \0$aRisk management.
=650  \0$aHousing authorities$zGreat Britain.
=700  1\$aBlackburn, Sarah.
=710  2\$aHousing Corporation.
=856  40$uhttp://www.housingcorp.gov.uk/upload/pdf/risktopic2.pdf
=830  \0$aRisk management topic paper ;$vno. 2
=852  41$aBritish Library$bHMNTS$jYD.2011.b.258
=CAT  \\$a7750$b40$c20081113$lBLL01$h1538
=CAT  \\$a8141$b40$c20081120$lBLL01$h1511
=CAT  \\$a7332$b40$c20081126$lBLL01$h1212
=CAT  \\$a8141$b40$c20090211$lBLL01$h1301
=CAT  \\$aBATCH$b00$c20091217$lBLL01$h0537
=CAT  \\$aBATCH$b00$c20100103$lBLL01$h1329
=CAT  \\$aW1711-1225$c20171203$lBLL01$h1031
=FIN  \\$aY$d20081120
=STA  \\$aSUPPRESSED$bunable to determine reason for suppression
=LAS  \\$aW1711-1225$b00$c20171203$lBLL01$h1031

