=LDR  01512 am a2200421 a 4500
=001  014863865
=003  Uk
=005  20090226122503.0
=006  m\\\\|\\\d\|\\\\\\
=007  cr||||||||||||
=008  081223s2008\\\\wlk||||\s\\\\o000\0\eng\\
=FMT  \\$a  BK
=015  \\$aGBA921444$2bnb
=020  \\$cNo price
=040  \\$aUk$beng$cUk
=042  \\$aukblsr
=082  04$a352.7490941$222
=245  00$a[Copyright] - the future$h[electronic resource] :$bdeveloping a copyright agenda for the 21st century.
=246  30$aDeveloping a copyright agenda for the 21st century
=260  \\$aNewport :$bIPO,$c2008.
=300  \\$a12 p. :$bdigital, PDF file.
=336  \\$atext$2rdacontent
=337  \\$acomputer$2rdamedia
=338  \\$aonline resource$2rdacarrier
=538  \\$aMode of access: World Wide Web.
=538  \\$aSystem requirements: Adobe Acrobat Reader.
=500  \\$aTitle from PDF title page (viewed on Feb. 26, 2009).
=650  \0$aCopyright and electronic data processing$zGreat Britain.
=650  \0$aIntellectual property$zGreat Britain.
=710  2\$aUK Intellectual Property Office.
=856  40$uhttp://www.ipo.gov.uk/c-policy-consultation.pdf
=852  41$aBritish Library$bHMNTS$jRB.23.b.6714
=CAT  \\$a7750$b40$c20081223$lBLL01$h1055
=CAT  \\$a8141$b40$c20090226$lBLL01$h1225
=CAT  \\$aW1711-1225$c20171203$lBLL01$h1032
=FIN  \\$aY$d20090226
=STA  \\$aSUPPRESSED$bunable to determine reason for suppression
=LAS  \\$aW1711-1225$b00$c20171203$lBLL01$h1032

