=LDR  01848 am a2200517 a 4500
=001  014883090
=003  Uk
=005  20100204175509.0
=006  m||||||||d||||||||
=007  cr||||||||||||
=008  090327s2008\\\\enk\\\\\sb\\\\000|0\eng|\
=FMT  \\$a  BK
=015  \\$aGBB019468$2bnb
=040  \\$aStDuBDS$beng$cStDuBDS
=042  \\$aukblsr
=082  04$a519.53$222
=100  10$aRobinson, P. M.
=245  10$aDevelopments in the analysis of spatial data$h[electronic resource] /$cP.M. Robinson.
=260  \\$aLondon :$bSuntory Centre,$c2008.
=300  \\$a12 p. :$bdigital, PDF file.
=336  \\$atext$2rdacontent
=337  \\$acomputer$2rdamedia
=338  \\$aonline resource$2rdacarrier
=490  1\$aDiscussion paper ;$vno. EM/2009/531
=500  \\$aTitle from PDF title page (viewed on 8 June 2009).
=504  \\$aIncludes bibliographical references.
=538  \\$aMode of access: World Wide Web.
=538  \\$aSystem requirements: Adobe Acrobat Reader.
=650  \0$aSpatial analysis (Statistics)
=710  2\$aSuntory Centre.
=830  \0$aDiscussion paper (Suntory Centre) ;$vno. EM/2009/531.
=856  40$uhttp://sticerd.lse.ac.uk/dps/em/em531.pdf
=852  41$aBritish Library$bHMNTS$jLT.2009.x.143
=985  \\$aNETCAT record
=CAT  \\$a10902$b40$c20090120$lBLL01$h1612
=CAT  \\$a10902$b40$c20090120$lBLL01$h1613
=CAT  \\$aBATCH-SURR$b00$c20100204$lBLL01$h1754
=CAT  \\$aBATCH$b00$c20100204$lBLL01$h1755
=CAT  \\$aBATCH-CORR$c20100211$lBLL01$h1314
=CAT  \\$aBATCH$b00$c20100910$lBLL01$h1135
=CAT  \\$aW1711-1225$c20171203$lBLL01$h1032
=CAT  \\$aBATCH-UPD$b00$c20171203$lBLL01$h1238
=FIN  \\$aY$d20100211
=SRC  \\$aNETCAT$bnetcatem.20100204
=STA  \\$aSUPPRESSED$bunable to determine reason for suppression
=LAS  \\$aBATCH-UPD$b00$c20171203$lBLL01$h1238

