=LDR  04636cai a2200829 i 4500
=001  020790504
=003  Uk
=005  20230223173146.0
=006  m\\\\\o\\d\\\\\\\\
=007  cr\|n|||||||||
=008  210910c20219999enkuu\d\o\\\\\0\\\b2eng\d
=FMT  \\$a  SE
=035  \\$a(OCoLC)1267704907
=040  \\$aRIU$beng$cRIU$dOCLCO$dOCLCF$dZCU$dYUS$dOCLCO$dOCLCQ$dCUY$dOCLCO$dCOO$dCUS$dUk$erda
=041  0\$aeng$amis
=042  \\$aukblsr
=043  \\$acc-----$ae-uk---
=050  \4$aF2131$b.C65
=082  04$a972.9$223
=245  00$aColonial Caribbean.
=246  1\$iSubtitle:$aColonial Office files from the National Archives, United Kingdom$f<November 1, 2021>
=247  10$aColonial Caribbean :$bColonial Office files from the National Archives, UK$f<November 1, 2021>
=264  \1$aMarlborough, Wiltshire :$bAdam Matthew Digital,$c[2021]-
=300  \\$a1 online resource
=336  \\$atext$btxt$2rdacontent
=336  \\$astill image$bsti$2rdacontent
=336  \\$acartographic image$bcri$2rdacontent
=337  \\$acomputer$bc$2rdamedia
=338  \\$aonline resource$bcr$2rdacarrier
=362  1\$aBegan in 2021.
=500  \\$aIncludes contemporary essays, video interview, and individual introductory guides for each colony.
=505  00$tModule 1: Settlement, Slavery, and Empire, 1624-1832 --$tModule 2: Colonial Government and Abolition, 1833-1849 --
=520  \\$aDigital resource covering three centuries of Caribbean history from 1624 to 1870 drawn from the archives of the British Colonial Office. Records include: administrative documentation, trade and shipping records, minutes of council meetings, and details of plantation life, colonial settlement, imperial rivalries across the region, and the growing concern of absentee landlords. The colonies include: Anguilla, Antigua, Bahamas, Barbados, Berbice, Bermuda, British Guiana, British Honduras, British Virgin Islands, Curaçao, Demarara, Dominica, Essequibo, Grenada, Guadeloupe, Jamaica, Leeward Islands, Martinique, Montserrat, Nevis, St. Bartholomew, St. Christopher (St. Kitts), St. Croix, Santo Domingo, St. Eustatius, St. Lucia, St. Thomas, St. Vincent, Suriname, Tobago, Tortola, Trinidad, and Turks and Caicos.
=546  \\$aInterface in English; contents chiefly in English, with some content in French and Spanish. A few items contain text in Dutch, Danish, German, Latin, or Arabic.
=588  0\$aContents viewed on September 22, 2022; title from home page.
=610  10$aGreat Britain.$bColonial Office$vArchives$vDatabases.
=651  \0$aWest Indies, British$xHistory$vSources$vDatabases.
=651  \0$aWest Indies, British$xColonization$xHistory$vSources$vDatabases.
=651  \0$aGreat Britain$xColonies$xHistory$vSources$vDatabases.
=651  \0$aGreat Britain$xColonies$xAdministration$vSources$vDatabases.
=651  \0$aCaribbean Area$xHistory$vSources.
=651  \0$aWest Indies, British$xHistory$vSources.
=610  17$aGreat Britain.$bColonial Office.$2fast$0(OCoLC)fst00536355
=651  \6$aGrande-Bretagne$xColonies$xHistoire$vSources$vBases de données.
=651  \6$aGrande-Bretagne$xColonies$xAdministration$vSources$vBases de données.
=650  \7$aColonies.$2fast$0(OCoLC)fst00868456
=651  \7$aCaribbean Area.$2fast$0(OCoLC)fst01244080
=651  \7$aWest Indies$zBritish West Indies.$2fast$0(OCoLC)fst01243266
=655  \7$aArchives.$2fast$0(OCoLC)fst01423700
=655  \7$aDatabases.$2fast$0(OCoLC)fst01411643
=655  \7$aHistory.$2fast$0(OCoLC)fst01411628
=655  \7$aReference works.$2fast$0(OCoLC)fst01919963
=655  \7$aSources.$2fast$0(OCoLC)fst01423900
=710  2\$aAdam Matthew Digital (Firm),$eissuing body.
=710  2\$aNational Archives (Great Britain),$eissuing body.
=710  2\$aBritish Library,$eissuing body.
=740  02$aSettlement, Slavery, and Empire, 1624-1832.
=740  02$aColonial government and abolition, 1833-1849.
=856  40$uhttps://www.colonialcaribbean.amdigital.co.uk/
=852  \\$aBritish Library$bHMNTS$je-media
=985  \\$aLibrary subscribes to module 1-2, as of 2022. Module 3 = Economic Change and Indentured Labour, 1850-1870.
=985  \\$aUpdated by MS generated file for WR2302-017
=CAT  \\$a8055$b40$c20221101$lBLL01$h1048
=CAT  \\$a8055$b40$c20221101$lBLL01$h1118
=CAT  \\$a8055$b40$c20221102$lBLL01$h1124
=CAT  \\$a3072$b40$c20221108$lBLL01$h1418
=CAT  \\$a3072$b40$c20221108$lBLL01$h1419
=CAT  \\$aW2302-0174$c20230223$lBLL01$h2104
=FIN  \\$aY$d20221108
=SID  \\$aZ39$bOCLC
=STA  \\$aSUPPRESSED$bDatabase
=LAS  \\$aW2302-0174$b00$c20230223$lBLL01$h2104

