=LDR  03061cai a2200661 i 4500
=001  020797383
=003  Uk
=005  20230223173149.0
=006  m\\\\\o\\d\\\\\\\\
=007  cr\mnu||||||||
=008  060707c20069999mauk|\d\o\abi\0\\\a2eng\c
=FMT  \\$a  SE
=010  \\$a  2016202730
=022  0\$a2472-8829
=035  \\$a(OCoLC)70259822
=040  \\$aOUN$beng$cOUN$dOSU$dVPI$dTXJ$dNOC$dOCLCQ$dDLC$dNDD$dOCLCO$dNDD$dNRC$dOCLCF$dOCLCO$dOCLCQ$dAU@$dOCLCO$dOCL$dOCLCO$dCOD$dOCL$dNDD$dUk$erda
=042  \\$aukblsr
=050  \4$aZ699.A1$b.L5
=082  04$a020$223
=222  \0$aLibrary, information science & technology abstracts with full text
=245  00$aLibrary, information science & technology abstracts with full text.
=246  3\$aLISTA with full text
=246  1\$aLibrary, information science and technology abstracts with full text
=264  \1$aIpswich, MA :$bEBSCO Publishing
=264  31$aIpswich, MA :$bEBSCO Industries, Inc.
=300  \\$a1 online resource
=336  \\$atext$2rdacontent
=337  \\$acomputer$2rdamedia
=338  \\$aonline resource$2rdacarrier
=362  1\$aBegan in 2006.
=506  \\$aAccess restricted to subscribing institutions.
=520  \\$aProvides indexing, abstracts and full text for library and information science journals, conference proceedings, library school theses and pamphlets. PDFs of full-text articles include charts, graphs, photos and other important graphical information. Subject coverage includes bibliometrics, cataloging, classification, information literacy, metadata, and Web 2.0.
=588  \\$aDescription based on contents viewed on July 7, 2016; title from home page.
=650  \0$aLibrary science$vPeriodicals$vAbstracts.
=650  \0$aLibrary science$xPeriodicals$vIndexes.
=650  \0$aInformation science$vIndexes.
=650  \0$aInformation science$xPeriodicals$vIndexes.
=650  \7$aInformation science.$2fast$0(OCoLC)fst00972640
=650  \7$aInformation science$xPeriodicals.$2fast$0(OCoLC)fst00972658
=650  \7$aLibrary science.$2fast$0(OCoLC)fst00997916
=650  \7$aLibrary science$xPeriodicals.$2fast$0(OCoLC)fst00997951
=655  \7$aDatabases.$2fast$0(OCoLC)fst01411643
=655  \7$aIndexes.$2fast$0(OCoLC)fst01423761
=655  \7$aPeriodicals.$2fast$0(OCoLC)fst01411641
=655  \7$aReference works.$2fast$0(OCoLC)fst01919963
=710  2\$aEBSCO Industries,$eissuing body.
=710  2\$aEBSCO Publishing (Firm),$eissuing body.
=787  0\$tLibrary, information science & technology abstracts
=787  0\$tLibrary literature & information science full text
=856  40$uhttps://www.ebsco.com/products/research-databases/library-information-science-technology-abstracts-full-text
=852  41$aBritish Library$bHMNTS$je-media
=985  \\$aUpdated by MS generated file for WR2302-017
=CAT  \\$a3072$b40$c20221103$lBLL01$h1617
=CAT  \\$aW2302-0174$c20230223$lBLL01$h2104
=FIN  \\$aY$d20221103
=SRC  \\$aBLL02
=STA  \\$aSUPPRESSED$bDatabase
=LAS  \\$aW2302-0174$b00$c20230223$lBLL01$h2104

