=LDR  02539cai a2200613 i 4500
=001  020816146
=003  Uk
=005  20230720163718.0
=006  m\\\\\o\\d\\\\\\\\
=007  cr||n|||||||||
=008  070831c200u9999miuuu\doo\w\\\0\\\a2eng\c
=FMT  \\$a  SE
=010  \\$a  2011238169
=035  \\$a(OCoLC)166560389$z(OCoLC)792882299
=040  \\$aCLU$beng$cCLU$dOCLCQ$dIUL$dOCLCQ$dOCLCF$dCUS$dOCLCO$dIUL$dOCLCO$dUk$erda
=042  \\$aukblsr
=043  \\$an-us---$ae-uk---
=050  14$aK540
=082  04$a347.07$223
=245  04$aThe making of modern law.$pTrials, 1600-1926.
=246  1\$aTrials, 1600-1926
=247  10$aTrials, 1620-1926$f<March 11, 2011>
=264  \1$aFarmington Hills, Mich. :$bGale
=300  \\$a1 online resource
=336  \\$atext$btxt$2rdacontent
=337  \\$acomputer$bc$2rdamedia
=338  \\$aonline resource$bcr$2rdacarrier
=362  1\$aBegan in 2000s.
=500  \\$aAccess restricted to subscribing institutions.
=520  \\$aThe Making of Modern Law: Trials, 1600-1926 is the result of a partnership between Gale and the Harvard and Yale law libraries--two of the foremost repositories in the world. In addition, it includes trials from the outstanding collection of the Library of the Association of Bar of the City of New York, as well as some from the British Library.
=588  \\$aDescription based on contents viewed on October 20, 2014; title from search page.
=650  \0$aTrials$vDatabases.
=650  \0$aTrial transcripts$vDatabases.
=650  \0$aLaw$zUnited States$vCases$vDatabases.
=650  \0$aLaw$zGreat Britain$vCases$vDatabases.
=650  \7$aLaw.$2fast$0(OCoLC)fst00993678
=650  \7$aTrial transcripts.$2fast$0(OCoLC)fst01156287
=650  \7$aTrials.$2fast$0(OCoLC)fst01156290
=651  \7$aGreat Britain.$2fast$0(OCoLC)fst01204623
=651  \7$aUnited States.$2fast$0(OCoLC)fst01204155
=655  \7$aDatabases.$2fast$0(OCoLC)fst01411643
=655  \7$aTrials, litigation, etc.$2fast$0(OCoLC)fst01423712
=710  2\$aGale (Firm),$eissuing body.
=856  40$uhttp://galenet.galegroup.com/servlet/MMLT?locID=los72613
=856  40$uhttps://link.gale.com/apps/MMLT
=852  \\$aBritish Library$bHMNTS$je-media
=985  \\$aOngoing; updated with new date ranges.
=CAT  \\$a3072$b40$c20221122$lBLL01$h1639
=CAT  \\$a8055$b40$c20221129$lBLL01$h1550
=CAT  \\$a3072$b40$c20230720$lBLL01$h1637
=FIN  \\$aY$d20221122
=SID  \\$aZ39$bOCLC
=STA  \\$aSUPPRESSED$bDatabase
=LAS  \\$a3072$b40$c20230720$lBLL01$h1637

