=LDR  03452cai a2200685 i 4500
=001  020816149
=003  Uk
=005  20230720163646.0
=006  m\\\\\o\\d\\\\\\\\
=007  cr\cn|||||||||
=008  060106c20059999miu\x\doo\\\\\0\\\a2eng\d
=FMT  \\$a  SE
=035  \\$a(OCoLC)62791987$z(OCoLC)179315321$z(OCoLC)224668639$z(OCoLC)236331006$z(OCoLC)871827303$z(OCoLC)1003731513$z(OCoLC)1011974309
=040  \\$aEYD$beng$cEYD$dTXA$dPLL$dHVL$dOCLCQ$dOCLCF$dOCLCO$dOCLCQ$dPUL$dZCU$dBOL$dOTZ$dGZL$dVGL$dNJR$dOCLCQ$dIUL$dOCLCO$dUk
=042  \\$aukblsr
=043  \\$an-us---
=050  \4$aKF101.9$b.U8
=245  04$aThe making of modern law.$pU.S. Supreme Court records and briefs, 1832-1978.
=246  13$aUnited States Supreme Court records and briefs, 1832-1978
=246  13$aSupreme Court records and briefs, 1832-1978
=260  \\$a[Detroit, Mich.?] :$bThomson Gale,$c[2005]-
=300  \\$a1 online resource
=336  \\$atext$btxt$2rdacontent
=337  \\$acomputer$bc$2rdamedia
=338  \\$aonline resource$bcr$2rdacarrier
=362  1\$aBegan in 2005.
=538  \\$aMode of access: World Wide Web.
=500  \\$aTitle from home page (viewed Jan. 5, 2006).
=500  \\$aAccess restricted to subscribing institutions.
=520  \\$aThis database contains nearly 11 million pages of records and briefs brought before the U.S. Supreme Court in the period 1832-1978. The collection is derived from two essential reference sources. For the period 1832 (when printed Court records began) through 1915, the documents are based primarily on the holdings of the Jenkins Memorial Law Library, America's first law library, located in Philadelphia, Pennsylvania. For 1915-1978 the source is the Library of the Association of the Bar of the City of New York, a nationally recognized research facility and the single largest member supported law library in the United States.--Publisher's web site.
=506  \\$aAccess restricted to subscribing institutions.
=610  10$aUnited States.$bSupreme Court$vSources.
=650  \0$aLaw$zUnited States$vCases.
=650  \0$aLaw reports, digests, etc.$zUnited States.
=610  16$aÉtats-Unis.$bSupreme Court$vSources.
=650  \6$aDroit$zÉtats-Unis$vJurisprudence.
=650  \6$aJurisprudence$vRecueils, répertoires, etc.$zÉtats-Unis.
=610  17$aUnited States.$bSupreme Court.$2fast$0(OCoLC)fst00529481
=650  \7$aLaw.$2fast$0(OCoLC)fst00993678
=650  \7$aLaw reports, digests, etc.$2fast$0(OCoLC)fst00994106
=651  \7$aUnited States.$2fast$0(OCoLC)fst01204155
=655  \7$aSources.$2fast$0(OCoLC)fst01423900
=655  \7$aTrials, litigation, etc.$2fast$0(OCoLC)fst01423712
=710  1\$aUnited States.$bSupreme Court.
=710  2\$aThomson Gale (Firm)
=710  2\$aGale (Firm),$eissuing body.
=773  0\$aGale digital collections
=776  08$iPrint version:$t[Records and briefs of the United States Supreme Court]
=856  40$uhttp://infotrac.galegroup.com/itweb/?db=SCRB
=856  40$uhttps://link.gale.com/apps/SCRB
=852  \\$aBritish Library$bHMNTS$je-media
=985  \\$aResource not viewed; GC 23/11/22.
=CAT  \\$a3072$b40$c20221122$lBLL01$h1655
=CAT  \\$a3072$b40$c20221123$lBLL01$h0950
=CAT  \\$a8055$b40$c20221129$lBLL01$h1536
=CAT  \\$a3072$b40$c20230720$lBLL01$h1636
=FIN  \\$aY$d20221122
=SID  \\$aZ39$bOCLC
=STA  \\$aSUPPRESSED$bDatabase
=LAS  \\$a3072$b40$c20230720$lBLL01$h1636

