=LDR  03046cai a2200721 i 4500
=001  020819616
=003  Uk
=005  20230223173203.0
=006  m\\\\\o\\d\\\\\\\\
=007  cr\|||||||||||
=008  180314c201u9999miuuu\d\o\ai\\0\\\a2eng\d
=FMT  \\$a  SE
=035  \\$a(OCoLC)1028640030
=040  \\$aTFW$beng$cTFW$dTFW$dOCLCF$dOCLCQ$dOCLCO$dUk$erda
=042  \\$aukblsr
=050  \4$aZ665
=082  04$a020.5$223
=245  00$aLibrary & information science collection.
=246  3\$aLibrary and information science collection
=246  13$aProQuest library & information science collection
=264  \1$a[Ann Arbor, Michigan] :$bProQuest LLC
=300  \\$a1 online resource
=336  \\$atext$btxt$2rdacontent
=337  \\$acomputer$bc$2rdamedia
=338  \\$aonline resource$bcr$2rdacarrier
=362  1\$aBegan in 2010s?
=520  \\$aThe Library & Information Science Collection combines Library & Information Science Abstracts (LISA), the leading index for library science, with full text for many titles. Subject coverage includes all aspects of librarianship, library users, information retrieval, and more. It covers titles from many different countries and offers content in more than 20 languages.
=588  0\$aContents viewed on February 20, 2023; title from home page.
=650  \0$aLibrary science$vDatabases.
=650  \0$aInformation science$vDatabases.
=650  \0$aLibrary science$vIndexes.
=650  \0$aLibrary science$vAbstracts.
=650  \0$aInformation science$vIndexes.
=650  \0$aInformation science$vAbstracts.
=650  \6$aBibliothéconomie$vBases de données.
=650  \6$aSciences de l'information$vBases de données.
=650  \6$aBibliothéconomie$vIndex.
=650  \6$aBibliothéconomie$vRésumés analytiques.
=650  \6$aSciences de l'information$vIndex.
=650  \6$aSciences de l'information$vRésumés analytiques.
=650  \7$aInformation science.$2fast$0(OCoLC)fst00972640
=650  \7$aLibrary science.$2fast$0(OCoLC)fst00997916
=655  \7$aAbstracts.$2fast$0(OCoLC)fst01423683
=655  \7$aDatabases.$2fast$0(OCoLC)fst01411643
=655  \7$aIndexes.$2fast$0(OCoLC)fst01423761
=710  2\$aProQuest (Firm),$eissuing body.
=740  02$aLibrary & information science abstracts (LISA)
=740  02$aLibrary science database.
=787  0\$tLibrary & information science abstracts (Online)
=856  40$uhttps://search.proquest.com/libraryinformation
=852  \\$aBritish Library$bHMNTS$je-media
=985  \\$aUpdated by MS generated file for WR2302-017
=CAT  \\$a3072$b40$c20221123$lBLL01$h1444
=CAT  \\$a3072$b40$c20221123$lBLL01$h1539
=CAT  \\$a3072$b40$c20221123$lBLL01$h1540
=CAT  \\$a8055$b40$c20221129$lBLL01$h1217
=CAT  \\$a8055$b40$c20221129$lBLL01$h1230
=CAT  \\$a3072$b40$c20230220$lBLL01$h1632
=CAT  \\$aW2302-0174$c20230223$lBLL01$h2104
=FIN  \\$aY$d20221123
=SID  \\$aZ39$bOCLC
=STA  \\$aSUPPRESSED$bDatabase
=LAS  \\$aW2302-0174$b00$c20230223$lBLL01$h2104

