=LDR  02379cai a2200541 i 4500
=001  020819701
=003  Uk
=005  20230720163307.0
=006  m\\\\\o\\d\\\\\\\\
=007  cr|muu|||muumu
=008  220526c20219999gw\ar\w\o\\\\\0\\\a2eng\d
=FMT  \\$a  SE
=024  7\$a10.1515/tillo$2doi
=035  \\$a(OCoLC)1320852409
=040  \\$aIND$beng$cIND$dOCLCF$dUk$erda
=041  1\$aeng$ager
=042  \\$aukblsr
=082  04$a230.044$223
=100  1\$aTillich, Paul,$d1886-1965.
=245  10$aTillich online :$bWerke deutsch-englisch = works German-English.
=246  33$aWerke deutsche-englisch
=246  33$aWorks German-English
=264  31$aBerlin :$bDe Gruyter,$c2021-
=300  \\$a1 online resource
=336  \\$atext$btxt$2rdacontent
=337  \\$acomputer$bc$2rdamedia
=338  \\$aonline resource$bcr$2rdacarrier
=520  \\$aBilingual database to make the entire work of German-American theologian Paul Tillich (1886-1965) electronically accessible. Completely documents the Gesammelte Werke (Collected Works) and the Ergänzungs- und Nachlassbände (Supplementary and Literary Estate Volumes). In addition to Tillich's extensive German-language works, users can access original English material authored by Tillich, as well as translations from the German, which are gradually being added to the database. English-language content is being updated annually; the editors aim to assemble a complete bilingual edition of Tillich's work.
=546  \\$aText in English and German.
=588  0\$aTitle from title screen (viewed April 28, 2022).
=650  \0$aTheology, Doctrinal.
=650  \0$aReligion$xPhilosophy.
=650  \0$aReligion and culture.
=650  \0$aChurch history$y20th century.
=650  \7$aChurch history.$2fast$0(OCoLC)fst00860740
=650  \7$aReligion and culture.$2fast$0(OCoLC)fst01093823
=650  \7$aReligion$xPhilosophy.$2fast$0(OCoLC)fst01093794
=650  \7$aTheology, Doctrinal.$2fast$0(OCoLC)fst01149617
=648  \7$a1900-1999$2fast
=856  40$uhttps://doi.org/10.1515/tillo
=852  \\$aBritish Library$bHMNTS$je-media
=CAT  \\$a3072$b40$c20221123$lBLL01$h1622
=CAT  \\$a8055$b40$c20221129$lBLL01$h1557
=CAT  \\$a3072$b40$c20230720$lBLL01$h1633
=FIN  \\$aY$d20221123
=SID  \\$aZ39$bOCLC
=STA  \\$aSUPPRESSED$bDatabase
=LAS  \\$a3072$b40$c20230720$lBLL01$h1633

