=LDR  03781cai a2200781 a 4500
=001  020835279
=003  Uk
=005  20230426144026.0
=006  m\\\\\o\\d\\\\\\\\
=007  cr\bn|||||||||
=008  130327c19979999gw\kr\d\o\\\\\0\\\b2ger\d
=FMT  \\$a  SE
=022  \\$a1865-0511
=035  \\$a(OCoLC)832726473
=040  \\$aVA@$beng$cVA@$dOCLCO$dVA@$dOCLCQ$dOCLCF$dOCLCQ$dOCL$dOCLCA$dOCL$dOCLCO$dQGK$dUk
=041  0\$ager$aeng
=042  \\$aukblsr
=082  04$a709.22$223
=222  \0$aAllgemeines Künstlerlexikon, internationale Künstlerdatenbank - online
=245  00$aAllgemeines Künstlerlexikon =$bInternationale Künstlerdatenbank - online.
=246  3\$aWorld biographical dictionary of artists (AKL-IKD)
=246  3\$aAKL-IKD
=246  3\$aAKL online
=247  10$aAllgemeines Künstlerlexikon - Internationale Künstlerdatenbank (AKL-IKD)
=247  10$aAllgemeines Künstlerlexikon :$bInternationale Künstlerdatenbank-Online$f<2013-2016>
=247  10$aAllgemeines Künstlerlexikon =$bArtists of the world$f<2016-2022>
=247  10$aArtists of the world$f<February 24, 2023>
=264  \1$aMünchen :$bK.G. Saur,$c[1997]-
=264  31$3<May 2013?->-$a[Berlin] :$bDe Gruyter
=300  \\$a1 online resource.
=310  \\$aContinuously updated
=336  \\$atext$btxt$2rdacontent
=337  \\$acomputer$bc$2rdamedia
=338  \\$aonline resource$bcr$2rdacarrier
=516  \\$aText (HTML) images (JPEG) and search engine.
=588  \\$aDescription based on online resource (viewed April 26, 2023).
=520  \\$a"The database Artists of the World is the world's most current, reliable, and extensive reference work on artists. It contains authoritative, up-to-date biographical information on more than 1.2 million artists - more than any other database in the world. It contains biographical information on artists and entries on communities of visual artists from all over the world and from all eras. It covers all genres of fine arts, painting, graphics, sculpture, architecture, photography, video, installation art, and much more." Incorpates the print publications: Thieme-Becker/Vollmer Gesamtregister, the Nürnberger Künstlerlexikon, the Lexikon der Künstlerinnen, and Allgemeines Künstlerlexikon.$cAbout.
=506  \\$aAccess limited to subscribers.
=546  \\$aGerman and English.
=650  \0$aArtists$vBio-bibliography$vDatabases.
=650  \0$aArtists$vBiography$vDatabases.
=650  \0$aArtists$vDatabases.
=650  \6$aArtistes$vBiobibliographie$vBases de données.
=650  \6$aArtistes$vBiographies$vBases de données.
=650  \6$aArtistes$vBases de données.
=650  \7$aArtists.$2fast$0(OCoLC)fst00817559
=650  17$aBeeldende kunstenaars.$2gtt$0(NL-LeOCL)078446325
=655  \4$aElectronic reference sources.
=655  \7$aBio-bibliography.$2fast$0(OCoLC)fst01423685
=655  \7$aBiographies.$2fast$0(OCoLC)fst01919896
=655  \7$aDatabases.$2fast$0(OCoLC)fst01411643
=655  \7$aBiografische woordenboeken (vorm)$2gtt$0(NL-LeOCL)088141845
=710  2\$aWalter de Gruyter & Co.
=856  4\$uhttps://aow.degruyter.com/
=856  40$uhttp://www.degruyter.com/db/akl
=852  \\$aBritish Library$bHMNTS$je-media
=985  \\$apre-2023 order info wrongly on CD-ROM record 009827699.
=CAT  \\$a3072$b40$c20221208$lBLL01$h1518
=CAT  \\$a8055$b40$c20221209$lBLL01$h1030
=CAT  \\$a8055$b40$c20221209$lBLL01$h1107
=CAT  \\$a3072$b40$c20230426$lBLL01$h1425
=CAT  \\$a3072$b40$c20230426$lBLL01$h1428
=CAT  \\$a3072$b40$c20230426$lBLL01$h1431
=CAT  \\$a3072$b40$c20230426$lBLL01$h1440
=FIN  \\$aY$d20230426
=SID  \\$aZ39$bOCLC
=STA  \\$aSUPPRESSED$bDatabase
=LAS  \\$a3072$b40$c20230426$lBLL01$h1440

