=LDR  03702cai a2200793 i 4500
=001  020842472
=003  Uk
=005  20221220161547.0
=006  m\\\\\o\\d\\\\\\\\
=007  cr\m||||||||||
=008  110615c20119999fluuu\doo\\\\\0\\\d2eng\c
=FMT  \\$a  SE
=010  \\$a  2012239191
=035  \\$a(OCoLC)730956054$z(OCoLC)931836602
=040  \\$aMNN$beng$cMNN$dSTF$dDNU$dZCU$dIUL$dOCLCO$dOCLCA$dOCLCF$dOCLCO$dOCLCQ$dOCLCO$dOCLCA$dIUL$dGZM$dUk
=041  0\$aeng$ager$afre
=042  \\$aukblsr
=043  \\$an-us---
=050  \4$aE184.A1
=245  00$aEthnic American newspapers from the Balch collection, 1799-1971.
=246  1\$aReadex ethnic American newspapers from the Balch collection, 1799-1971
=246  1\$iFormer subtitle:$aSelected from America's historical newspapers
=264  \1$a[Naples, Fla.] :$bReadex
=300  \\$a1 online resource
=336  \\$atext$btxt$2rdacontent
=337  \\$acomputer$bc$2rdamedia
=338  \\$aonline resource$bcr$2rdacarrier
=362  1\$aBegan in 2011.
=490  1\$aArchive of Americana
=588  \\$aTitle from home page (viewed 20 Sep 2018).
=500  \\$aPublished in partnership with the Historical Society of Pennsylvania.
=520  \\$a"Spanning the Early Republic's Open Door Era to the Era of Liberalization in the mid-1960s, Ethnic American Newspapers from the Balch Collection covers two centuries of immigrant life in the United States."--Publisher's overview.
=546  \\$aEnglish interface. Contents chiefly in English, French, and German.
=650  \0$aMinorities$zUnited States$vNewspapers.
=650  \0$aIrish Americans$vNewspapers.
=650  \0$aGerman Americans$vNewspapers.
=650  \0$aHispanic Americans$vNewspapers.
=650  \0$aAfrican Americans$vNewspapers.
=651  \0$aUnited States$vNewspapers.
=651  \0$aUnited States$xHistory$y19th century$vSources.
=651  \0$aUnited States$xHistory$y20th century$vSources.
=650  \0$aNewspapers$vDatabases.
=650  \7$aAfrican Americans.$2fast$0(OCoLC)fst00799558
=650  \7$aGerman Americans.$2fast$0(OCoLC)fst00941308
=650  \7$aHispanic Americans.$2fast$0(OCoLC)fst00957523
=650  \7$aIrish Americans.$2fast$0(OCoLC)fst00978933
=650  \7$aMinorities.$2fast$0(OCoLC)fst01023088
=650  \7$aNewspapers.$2fast$0(OCoLC)fst01037111
=651  \7$aUnited States.$2fast$0(OCoLC)fst01204155
=648  \7$a1800-1999$2fast
=655  \4$aElectronic reference sources.
=655  \7$aDatabases.$2fast$0(OCoLC)fst01411643
=655  \7$aHistory.$2fast$0(OCoLC)fst01411628
=655  \7$aNewspapers.$2fast$0(OCoLC)fst01423814
=655  \7$aSources.$2fast$0(OCoLC)fst01423900
=710  2\$aReadex (Firm),$eissuing body.
=710  2\$aHistorical Society of Pennsylvania.
=710  2\$aBalch Institute for Ethnic Studies.
=773  0\$tAmerica's historical newspapers.$d[Chester, Vt.?] : Readex, [2004?]-
=830  \0$aArchive of Americana.
=856  40$uhttps://infoweb.newsbank.com/?db=EANX&d_collections=EANABC
=856  40$uhttp://infoweb.newsbank.com/iw-search/we/HistArchive/?p_product=EANX&p_theme=ahnp&p_nbid=Y4DD51HHMTM0Njg1NDk4Ny42MTU5MTA6MToxMzoxMjguNTkuMTU0LjU1&p_action=timeframes&p_queryname=2&d_hlTerms=&d_customSearchFields=0&d_locations=&d_languages=&d_locations_abbrev=&d_locchecks=&d_dates=&d_datestext=&d_datetype=&d_publication=&d_publicationHistory=&f_lochistory=reset&f_datehistory=reset&d_collections=EANABC
=852  \\$aBritish Library$bHMNTS$je-media
=CAT  \\$a3072$b40$c20221220$lBLL01$h1614
=CAT  \\$a3072$b40$c20221220$lBLL01$h1615
=FIN  \\$aY$d20221220
=SID  \\$aZ39$bOCLC
=STA  \\$aSUPPRESSED$bDatabase
=LAS  \\$a3072$b40$c20221220$lBLL01$h1615

