=LDR  03006cai a2200493 i 4500
=001  020842475
=003  Uk
=005  20230223173218.0
=006  m\\\\\o\\d\\\\\\\\
=007  cr|mn|||||||||
=008  180209c20189999fluuu\d\o\\\\\0\\\a2eng\d
=FMT  \\$a  SE
=035  \\$a(OCoLC)1030247585$z(OCoLC)1252716936
=040  \\$aPUL$beng$cPUL$dOCLCO$dIUL$dOCL$dFXG$dOCLCQ$dOCLCO$dUk$erda
=042  \\$aukblsr
=043  \\$an-us---
=050  \4$aPS632
=245  00$aNineteenth-century American drama :$bpopular culture and entertainment, 1820-1900.
=246  3\$a19th century American drama :$bpopular culture and entertainment, 1820-1900
=264  \1$a[Naples, Florida] :$bReadex,$c2018-
=300  \\$a1 online resource
=336  \\$atext$btxt$2rdacontent
=337  \\$acomputer$bc$2rdamedia
=338  \\$aonline resource$bcr$2rdacarrier
=500  \\$aTitle from home page (viewed 30 Sep 2018).
=500  \\$a"More than 4700 plays published in the United States during the 1800s."
=520  \\$aThis unique and authoritative collection of America's most popular entertainment form opens a door on U.S. culture that has been closed until now due to the challenge of access. The wide-ranging materials in Nineteenth-Century American Drama will shed light on areas of study generally supported to this point only by imprints and newspapers: daily life in the United States; politics, both local and national; culture in all of its forms; and the shifting and evolving tastes of Americans from across the country. Subjects covered by these works include women's movements, temperance, street life, westward expansion, slavery and abolition, immigration, wars and countless others. Also included here are hundreds of prompt books and manuscripts--annotated copies that help reveal the changing intentions of authors and the artistic views of directors. Together, these unique materials written by both the famous and the obscure provide students and scholars with rich new opportunities to study the dramatic arts and the American past from diverse perspectives."--Quick facts page (viewed March 26, 2018).
=650  \0$aAmerican drama$y19th century$vDatabases.
=650  \6$aThéâtre américain$y19e siècle$vBases de données.
=650  \7$aAmerican drama.$2fast$0(OCoLC)fst00806998
=648  \7$a1800-1899$2fast
=655  \7$aDatabases.$2fast$0(OCoLC)fst01411643
=710  2\$aReadex (Firm),$eissuing body.
=856  40$uhttps://infoweb.newsbank.com/apps/readex?p=AMDRA19C
=856  40$uhttps://www.readex.com/products/nineteenth-century-american-drama-popular-culture-and-entertainment-1820-1900
=852  \\$aBritish Library$bHMNTS$je-media
=985  \\$aUpdated by MS generated file for WR2302-017
=CAT  \\$a3072$b40$c20221220$lBLL01$h1630
=CAT  \\$a3072$b40$c20221220$lBLL01$h1631
=CAT  \\$aW2302-0174$c20230223$lBLL01$h2104
=FIN  \\$aY$d20221220
=SID  \\$aZ39$bOCLC
=STA  \\$aSUPPRESSED$bDatabase
=LAS  \\$aW2302-0174$b00$c20230223$lBLL01$h2104

