=LDR  02977cai a2200565 i 4500
=001  020842478
=003  Uk
=005  20221220164355.0
=006  m\\\\\o\\d\\\\\\\\
=007  cr\gn|||||||||
=008  111202c20119999fluuu\d\o\\\\\0\\\a2eng\d
=FMT  \\$a  SE
=035  \\$a(OCoLC)766038693
=040  \\$aOKU$beng$cOKU$dNDD$dOCLCF$dIUL$dOCL$dOCLCQ$dIOG$dIUL$dGZM$dOCLCO$dUk$erda
=042  \\$aukblsr
=043  \\$an-us---
=050  \4$aAS36
=245  00$aJoint Publications Research Service (JPRS) reports.
=246  3\$aJoint Publications Research Service reports
=246  30$aJPRS reports
=264  \1$a[Naples, Fla.] :$bReadex,$c[2011]-
=300  \\$a1 online resource
=336  \\$atext$btxt$2rdacontent
=337  \\$acomputer$bc$2rdamedia
=338  \\$aonline resource$bcr$2rdacarrier
=362  1\$aBegan in 2011.
=588  0\$aTitle from home page (viewed 30 Sep 2018).
=506  \\$aAccess restricted to subscribing institutions.
=520  \\$aSearchable database projected to be a complete full-text collection of the reports issued by the Joint Publications Research Service of the United States Department of Commerce. JPRS (acting as a unit within the Central Intelligence Agency) was established in March 1957 as part of the United States Department of Commerce's Office of Technical Services. JPRS staffers prepared translations for use by U.S. Government officials, various agencies, and the research and industrial communities. This unique collection features English translations of foreign-language monographs, reports, serials, journal and newspaper articles, and radio and television broadcasts from regions throughout the world. With an emphasis on communist and developing countries, this digital edition of Joint Publications Research Service (JPRS) Reports, 1957-1995, contains a wealth of hard-to-find social science, scientific, and technical materials translated from many languages.
=610  10$aUnited States.$bJoint Publications Research Service$vDatabases.
=650  \0$aHistory$vSources.
=650  \0$aWorld politics$y20th century$vDatabases.
=650  \6$aHistoire$vSources.
=650  \6$aPolitique mondiale$y20e siècle$vBases de données.
=610  17$aUnited States.$bJoint Publications Research Service.$2fast$0(OCoLC)fst00516395
=650  \7$aHistory.$2fast$0(OCoLC)fst00958235
=650  \7$aWorld politics.$2fast$0(OCoLC)fst01181381
=648  \7$a1900-1999$2fast
=655  \7$aDatabases.$2fast$0(OCoLC)fst01411643
=655  \7$aSources.$2fast$0(OCoLC)fst01423900
=710  2\$aReadex (Firm),$eissuing body.
=710  1\$aUnited States.$bJoint Publications Research Service.
=856  40$uhttps://infoweb.newsbank.com?db=JPRSX
=852  \\$aBritish Library$bHMNTS$je-media
=CAT  \\$a3072$b40$c20221220$lBLL01$h1639
=CAT  \\$a3072$b40$c20221220$lBLL01$h1643
=FIN  \\$aY$d20221220
=SID  \\$aZ39$bOCLC
=STA  \\$aSUPPRESSED$bDatabase
=LAS  \\$a3072$b40$c20221220$lBLL01$h1643

