=LDR  02422cas a2200553 i 4500
=001  020851001
=003  Uk
=005  20230426151339.0
=006  m\\\\\o\\d\\\\\\\\
=007  cr\|n|||||||||
=008  160323c20159999nyu\x\d\o\\\\\0\\\a2mul\\
=FMT  \\$a  SE
=010  \\$a  2016200365
=022  \\$a2471-5255
=035  \\$a(OCoLC)945441553
=040  \\$aDLC$beng$cDLC$dHLS$dOCLCO$dOCLCF$dOCLCO$dIUL$dZCU$dOCL$dUk$erda
=041  0\$aeng$amul
=042  \\$aukblsr
=050  \4$aML100
=082  10$a780.3$223
=222  \0$aRILM music encyclopedias
=245  00$aRILM music encyclopedias /$cRépertoire International de Littérature Musicale.
=264  \1$aNew York, NY :$bRépertoire International de Littérature Musicale,$c2015-
=300  \\$a1 online resource
=310  \\$aIrregular
=336  \\$atext$btxt$2rdacontent
=337  \\$acomputer$bc$2rdamedia
=338  \\$aonline resource$bcr$2rdacarrier
=362  1\$aBegan in 2015.
=506  \\$aAccess limited to subscribers.
=520  \\$aA full-text compilation of 45 seminal titles published from 1775 to the present and comprising nearly 80,000 pages, the majority of which are not available anywhere else online. It provides comprehensive encyclopedic coverage of the most important disciplines, fields, and subject areas, among them popular music, opera, instruments, blues, gospel, recorded sound, and women composers. Its content spans multiple countries and languages.
=546  \\$aIn English, German, French, Italian, Dutch, and Greek.
=588  \\$aDescription based on contents viewed on April 26, 2023 (RILM website); title from resource search screen.
=650  \0$aMusic$vEncyclopedias$vDatabases.
=650  \7$aMusic.$2fast$0(OCoLC)fst01030269
=655  \7$aSources.$2fast$0(OCoLC)fst01423900
=655  \0$aElectronic reference sources.
=655  \7$aDatabases.$2fast$0(OCoLC)fst01411643
=655  \7$aEncyclopedias.$2fast$0(OCoLC)fst01423798
=856  40$uhttp://www.rilm.org/encyclopedias/
=856  40$uhttp://search.ebscohost.com/login.aspx?authtype=ip,uid&custid=iub&profile=ehost&defaultdb=ril
=852  \\$aBritish Library$bHMNTS$je-media
=CAT  \\$a8055$b40$c20230104$lBLL01$h1033
=CAT  \\$a3072$b40$c20230426$lBLL01$h1511
=CAT  \\$a3072$b40$c20230426$lBLL01$h1513
=FIN  \\$aY$d20230426
=SRC  \\$aBLL02
=STA  \\$aSUPPRESSED$bDatabase
=LAS  \\$a3072$b40$c20230426$lBLL01$h1513

