=LDR  04487cai a2200997 i 4500
=001  021236864
=003  Uk
=005  20231004134754.0
=006  m\\\\\o\\d\\\\\\\\
=007  cr||||||||||||
=008  050523c19849999miukr\doo\\\\\0\\\a2eng\d
=FMT  \\$a  SE
=035  \\$a(OCoLC)60423758$z(OCoLC)437024569
=040  \\$aNTG$beng$cNTG$dEEM$dOCLCQ$dWRJ$dIEP$dOCLCQ$dOCLCO$dHMM$dLRU$dOCLCF$dKA7$dOCLCO$dOCL$dOCLCO$dOCLCQ$dIUL$dOCLCO$dOCL$dWLM$dJDP$dIUL$dGZM$dOCLCO$dUk$erda
=042  \\$aukblsr
=050  14$aCS68
=082  04$a929.2$223
=245  00$aAncestryLibrary.
=246  1\$iTitle from title bar, <-2016>:$aGenealogy, family trees and family history records online - AncestryLibrary.com
=246  3\$aAncestryLibrary.com
=246  3\$aAncestry Library
=247  10$aAncestry Library Edition$f<2012->
=250  \\$aLibrary edition.
=264  \1$a[Lehi, Utah] :$bAncestry,$c1984?-
=264  31$a[Ann Arbor, Michigan] :$bProQuest,$c1984?-
=300  \\$a1 online resource.
=310  \\$aContinuously updated
=336  \\$atext$btxt$2rdacontent
=337  \\$acomputer$bc$2rdamedia
=338  \\$aonline resource$bcr$2rdacarrier
=362  1\$aBegan in 1984.
=588  0\$aTitle from home page (viewed October 4, 2023).
=506  \\$aAccess limited to subscribing institutions.
=520  \\$aAncestryLibrary is a searchable text and image database of family history and genealogy materials including census and voter data; birth, marriage, and death records; immigration records including passenger lists; naturalization records; selected court, land and probate records; German emigration records; United States border crossing information; and United States military and draft records. The bulk of the census data included is from the United States, the United Kingdom, Canada, and Western Europe; there are also a limited number of censuses from other parts of the world and U.S. state censuses.
=520  \\$aContains databases and tools for family history research. Provides access to historical indexes and documents, including census, vital, church, court, military, land, and probate records, passenger lists, and city directories and phone books.
=650  \0$aGenealogy$vDatabases.
=650  \0$aRegisters of births, etc.$vSources.
=650  \0$aChurch records and registers$vSources.
=650  \0$aCensus.
=650  \0$aDraft resisters$vSources.
=650  \0$aNewspapers$vSources.
=650  \0$aWills$vSources.
=650  \0$aShips$vPassenger lists$vSources.
=650  \6$aRegistres paroissiaux$vSources.
=650  \6$aRecensement.
=650  \6$aInsoumis (Militaires)$vSources.
=650  \6$aJournaux$vSources.
=650  \6$aNavires$vListes des passagers$vSources.
=650  \7$acensus records.$2aat
=650  \7$aCensus.$2fast$0(OCoLC)fst00850587
=650  \7$aChurch records and registers.$2fast$0(OCoLC)fst00860914
=650  \7$aDraft resisters.$2fast$0(OCoLC)fst00897339
=650  \7$aGenealogy.$2fast$0(OCoLC)fst00939652
=650  \7$aNewspapers.$2fast$0(OCoLC)fst01037111
=650  \7$aRegisters of births, etc.$2fast$0(OCoLC)fst01093240
=650  \7$aShips.$2fast$0(OCoLC)fst01116439
=650  \7$aWills.$2fast$0(OCoLC)fst01175513
=655  \4$aElectronic reference sources.
=655  \7$adatabases.$2aat
=655  \7$aDatabases.$2fast$0(OCoLC)fst01411643
=655  \7$aSources.$2fast$0(OCoLC)fst01423900
=655  \7$aDatabases.$2lcgft
=655  \7$aBases de données.$2rvmgf
=710  2\$aAncestry.com (Firm),$eissuing body.
=710  2\$aProQuest (Firm),$eissuing body.
=740  02$aCensus and Voter Lists.
=740  02$aBirth, Marriage and Death.
=740  02$aMilitary.
=740  02$aImmigration and Travel.
=740  02$aNewspapers and Publications.
=740  02$aStories, Memories and Histories.
=740  02$aMaps, Atlases and Gazetteers.
=740  02$aSchools, Directories and Church Histories.
=740  02$aWills, Probates, Land, Tax and Criminal.
=740  02$aReference, Dictionaries and Almanacs
=740  02$aFamily Trees.
=787  0\$tAncestry.$dProvo, Utah : MyFamily.com
=856  40$uhttps://www.ancestrylibrary.com/
=856  40$uhttps://ancestrylibrary.proquest.com
=852  \\$aBritish Library$bHMNTS$je-media
=CAT  \\$a3072$b40$c20231004$lBLL01$h1248
=CAT  \\$a3072$b40$c20231004$lBLL01$h1347
=FIN  \\$aY$d20231004
=SID  \\$aZ39$bOCLC
=STA  \\$aSUPPRESSED$bDatabase
=LAS  \\$a3072$b40$c20231004$lBLL01$h1347

