=LDR  02844cai a2200613 i 4500
=001  021236931
=003  Uk
=005  20231004165450.0
=006  m\\\\\o\\d\\\\\\\\
=007  cr\un|||||||||
=008  050614c19uu9999quczn\neo\\\\\0\\\a0eng\d
=FMT  \\$a  SE
=022  \\$y0384-1294
=035  \\$a(OCoLC)60623870
=040  \\$aOCLCS$beng$cOCLCS$dNHM$dOCLCQ$dNUI$dOCLCQ$dVT2$dOCLCF$dOCLCO$dOCLCQ$dOCLCO$dCUS$dOCLCO$dCUS$dOCLCO$dCUS$dUk
=042  \\$aukblsr
=043  \\$an-cn-qu
=050  \4$aAN
=082  04$a071.1428$223
=245  00$aProQuest historical newspapers.$pMontreal gazette.
=246  1\$aMontreal gazette
=264  \1$aAnn Arbor, Michigan :$bProQuest LLC
=300  \\$a1 online resource
=310  \\$aUpdated annually with 10 year embargo
=336  \\$atext$btxt$2rdacontent
=337  \\$acomputer$bc$2rdamedia
=338  \\$aonline resource$bcr$2rdacarrier
=530  \\$aAlso issued in print.
=520  \\$aOffers full page and article images with searchable full text back to the first issue. The collection includes digital reproductions providing access to every page from every available issue.
=580  \\$aPrint publication began in 1785 with title: Montreal gazette. During 1824, the title changed to Montreal gazette and commercial advertiser, and then returned to Montreal gazette. In 1867, title changed to: The gazette.
=588  0\$aDescription based on contents viewed May 3, 2020; title from database home page.
=651  \0$aMontréal (Québec)$vNewspapers.
=651  \7$aQuébec$zMontréal.$2fast$0(OCoLC)fst01210434
=655  \7$aNewspapers.$2fast$0(OCoLC)fst01423814
=655  \7$aDatabases.$2fast$0(OCoLC)fst01411643
=655  \7$aHistory.$2fast$0(OCoLC)fst01411628
=655  \7$aSources.$2fast$0(OCoLC)fst01423900
=655  \7$aDatabases.$2lcgft
=655  \7$aBases de données.$2rvmgf
=730  02$aGazette (Montréal, Québec)
=752  \\$aCanada$bQuébec$dMontréal
=773  08$iContained in (work):$tProQuest historical newspapers.$d[Ann Arbor, Mich.] : UMI
=776  08$iPrint version:$tGazette$x0384-1294
=780  00$tMontreal Gazette (Montreal, Quebec : 1824)
=856  40$uhttps://search.proquest.com/hnpmontrealgazette/advance?
=856  40$uhttps://search.proquest.com/hnpmontrealgazette/publicationbrowse/Main/false
=852  \\$aBritish Library$bHMNTS$je-media
=985  \\$aResource not available October 4, 2023; product info viewed at https://about.proquest.com/en/products-services/ProQuest-Historical-Newspapers-Canadian-Newspapers/ & title same - date range 1785-2010. 588 viewed info left as is GC 4/10/23.
=CAT  \\$a3072$b40$c20231004$lBLL01$h1621
=CAT  \\$a3072$b40$c20231004$lBLL01$h1654
=FIN  \\$aY$d20231004
=SID  \\$aZ39$bOCLC
=STA  \\$aSUPPRESSED$bDatabase
=LAS  \\$a3072$b40$c20231004$lBLL01$h1654

