=LDR  03608cai a2200565 i 4500
=001  021236938
=003  Uk
=005  20231004163723.0
=006  m\\\\\o\\d\\\\\\\\
=006  suu\woo\\\\\0\\\\2
=007  cr\|n|||||||||
=008  151007c20159999miuuu\woo\\\\\0\\\a2eng\c
=FMT  \\$a  SE
=010  \\$a  2015229530
=035  \\$a(OCoLC)922984138$z(OCoLC)1091852338
=040  \\$aCUV$beng$cCUV$dCUV$dOCLCF$dGZM$dCOO$dIUL$dZCU$dGZM$dOCL$dNDD$dCUY$dZCU$dGZM$dCOO$dDKC$dVT2$dOCLCO$dOCL$erda
=042  \\$aukblsr
=043  \\$an-us---
=050  \4$aPN4835.5$b.W66
=082  04$a052.082$223
=245  00$aWomen's magazine archive.
=246  13$aWMA
=264  \1$a[Ann Arbor, MI] :$bProQuest,$c[2015]-
=300  \\$a1 online resource
=336  \\$atext$2rdacontent
=337  \\$acomputer$bc$2rdamedia
=338  \\$aonline resource$bcr$2rdacarrier
=520  \\$aA searchable archive of leading women's interest magazines, dating from the 19th century through to the 21st. Subject coverage includes consumer culture, economics/marketing, family life, fashion, gender studies, health and fitness, home/interior design, popular culture, and social history. This database provides access to the complete archives of several 19th and 20th-century women's magazines. In combination, the publications cover topics such as family life, home economics, health, careers, fashion, culture, and many more; this material serves multiple research areas, from gender studies, social history, and the arts, through to education, politics and marketing/media history. The magazines are all scanned from cover to cover in high-resolution color and include non-article items, such as advertisements. Detailed article-level indexing, with document feature flags, enables searching and navigation.
=505  0\$aCollection 1: Better Homes and Gardens (1922-2005) -- Chatelaine (1928-2005) -- Good Housekeeping (1885-2005) -- Ladies' Home Journal (1885-2005) -- Parents (1926-2005) -- Redbook (1903-2005) -- Collection 2: Cosmopolitan (1886-2005; Cosmopolitan merged with Hearst's International in 1925. The merged title was known for several years as Hearsts's International Combined with Cosmopolitan before reverting to the title Cosmopolitan) -- Essence (1970-2005) -- Seventeen (1944-2005) -- Town and Country (1846-2005) -- Woman's Day (1937-2005) -- Women's International Network News (1975-2003).
=588  \\$aDescription based on contents viewed on Jan. 5, 2017, revised Jan. 10, 2018; title from resource home page.
=650  \0$aWomen's periodicals.
=650  \0$aWomen's periodicals, American.
=650  \7$aWomen's periodicals.$2fast$0(OCoLC)fst01178763
=650  \7$aWomen's periodicals, American.$2fast$0(OCoLC)fst01178766
=650  \7$aWomen's periodicals, English.$2fast$0(OCoLC)fst01178782
=655  \7$aDatabases.$2fast$0(OCoLC)fst01411643
=655  \7$aSources.$2fast$0(OCoLC)fst01423900
=655  \0$aElectronic reference sources.
=655  \7$aDatabases.$2lcgft
=710  2\$aProQuest (Firm),$epublisher.
=856  40$uhttp://search.proquest.com/wma
=856  42$uhttp://proquest.libguides.com/womensmagazinearchive
=852  \\$aBritish Library$bHMNTS$je-media
=985  \\$aResource not available October 4, 2023; product info viewed at https://about.proquest.com/en/products-services/Womens-Magazine-Archive. 588 viewed info left as is GC 4/10/23.
=CAT  \\$a3072$b40$c20231004$lBLL01$h1636
=CAT  \\$a3072$b40$c20231004$lBLL01$h1637
=FIN  \\$aY$d20231004
=SID  \\$aZ39$bOCLC
=STA  \\$aSUPPRESSED$bDatabase
=LAS  \\$a3072$b40$c20231004$lBLL01$h1637

