=LDR  03218cai a2200709 a 4500
=001  021237799
=003  Uk
=005  20231005100547.0
=006  m\\\\\o\\d\\\\\\\\
=007  cr\cn|||||||||
=008  030910c19969999miuuu\dso\\\\\0\\\a2eng\d
=FMT  \\$a  SE
=035  \\$a(OCoLC)910187003$z(OCoLC)1060721892$z(OCoLC)1077819673$z(OCoLC)1088441875$z(OCoLC)1099980146
=040  \\$aUAU$beng$cUAU$dOCLCO$dOCLCQ$dOCLCF$dCUS$dOCLCO$dBDP$dYOU$dNLC$dUIU$dOCLCO$dMLSOD$dOCLCQ$dCUS$dUk
=042  \\$aukblsr
=043  \\$an-cn-on
=050  \4$aAN
=055  \3$aAP5$bT67
=082  04$a071.13541$223
=245  00$aProquest historical newspapers.$pToronto star.
=246  10$aToronto star
=246  10$aPages of the past$f<-2014>
=247  10$aToronto Star, pages of the past$f<-2014>
=260  \\$aToronto :$bMicromedia Proquest,$c2002-
=260  3\$3<2014-> :$a[Ann Arbor, MI] :$bProQuest LLC.
=300  \\$a1 online resource
=310  \\$aUpdated annually with a 4 year embargo
=336  \\$atext$btxt$2rdacontent
=337  \\$acomputer$bc$2rdamedia
=338  \\$aonline resource$bcr$2rdacarrier
=362  1\$aBegan in 1996.
=506  \\$aAccess restricted to authorized users for teaching and research purposes.
=520  \\$aThis historical newspaper provides genealogists, researchers and scholars with online, easily-searchable first-hand accounts and unparalleled coverage of the politics, society and events of the time.
=520  \\$aOffers full page and article images with searchable full text back to the first issue. The collection includes digital reproductions providing access to every page from every available issue for the following titles: Evening star (1894-1900), Toronto daily star (1900-1971), Toronto star (1971-2009), Toronto star (2010- 2019)
=588  0\$aContents viewed October 5, 2023; title from database home page.
=505  0\$aEvening star (1894-1900) -- Toronto daily star (1900-1971) -- Toronto star (1971-2019).
=651  \0$aToronto (Ont.)$vNewspapers.
=650  \7$aCanadian newspapers.$2fast$0(OCoLC)fst00845158
=651  \7$aOntario$zToronto.$2fast$0(OCoLC)fst01205798
=655  \2$aDatabase
=655  \7$adatabases.$2aat
=655  \7$aDatabases.$2fast$0(OCoLC)fst01411643
=655  \7$aHistory.$2fast$0(OCoLC)fst01411628
=655  \7$aNewspapers.$2fast$0(OCoLC)fst01423814
=655  \7$aSources.$2fast$0(OCoLC)fst01423900
=655  \7$aDatabases.$2lcgft
=655  \7$aBases de données.$2rvmgf
=710  2\$aProQuest (Firm)
=730  02$aEvening star (Toronto, Ont.)
=730  02$aToronto daily star.
=730  02$aToronto star (1971)
=752  \\$aCanada$bOntario$dToronto
=773  08$iContained in (work):$tProQuest historical newspapers.$d[Ann Arbor, Mich.] : UMI
=856  40$uhttps://search.proquest.com/hnptorontostar/publicationbrowse/Main/false
=856  40$uhttp://search.proquest.com/hnptorontostar/advanced
=856  4\$uhttp://search.proquest.com/barcode?accountid=44944&groupid=46086
=852  \\$aBritish Library$bHMNTS$je-media
=CAT  \\$a3072$b40$c20231005$lBLL01$h1005
=FIN  \\$aY$d20231005
=SID  \\$aZ39$bOCLC
=STA  \\$aSUPPRESSED$bDatabase
=LAS  \\$a3072$b40$c20231005$lBLL01$h1005

