=LDR  03105cgi a2200637 i 4500
=001  021237887
=003  Uk
=005  20231005152145.0
=006  m\\\\\o\\c\\\\\\\\
=006  s\x\w\o\\\\\0\\\\2
=007  cr\|||||||||||
=007  vz\mzazuu
=008  170504c20179999vauuu\\\\\\\\\0\\\\2eng\d
=FMT  \\$a  SE
=035  \\$a(OCoLC)985459819
=040  \\$aOSU$beng$cOSU$dWAU$dOCLCF$dZCU$dOCL$dOCLCO$erda
=042  \\$aukblsr
=050  14$aF2161
=082  04$a791.45657$223
=245  00$aCaribbean studies in video :$bthe Banyan archive.
=246  1\$iAlso known as:$aCaribbean video online :$bThe Banyan archive
=246  30$aBanyan archive
=264  \1$aAlexandria, VA :$bAlexander Street,$c[2017]-
=300  \\$a1 online resource
=336  \\$atwo-dimensional moving image$btdi$2rdacontent
=336  \\$atext$btxt$2rdacontent
=337  \\$acomputer$bc$2rdamedia
=338  \\$aonline resource$bcr$2rdacarrier
=506  \\$aAccess limited to subscribing institutions.
=588  \\$aIdentification of the resource based on contents viewed on June 15, 2017; title from home page.
=520  8\$aCaribbean Studies in Video presents more than 1,000 hours of edited and unedited footage from the Banyan Production company, the first Caribbean enterprise to produce original TV content in the 1970s. Available for the first time in streaming format, their programs are filled with interviews of key personalities across disciplines; theater, music and dance performances; documentaries on rituals and cultural practices; political events and much more. This first release includes 150 hours of fully-indexed content and the remainder of the content will be indexed as well in subsequent updates.
=651  \0$aCaribbean Area$vDatabases.
=651  \6$aCaraïbes (Région)$vBases de données.
=650  \7$aDance.$2fast$0(OCoLC)fst00887402
=650  \7$aTheater.$2fast$0(OCoLC)fst01149217
=650  \7$aMusic$xPerformance.$2fast$0(OCoLC)fst01030398
=651  \7$aCaribbean Area.$2fast$0(OCoLC)fst01244080
=655  \7$aTelevised performances.$2fast$0(OCoLC)fst01726266
=655  \7$aInterviews.$2fast$0(OCoLC)fst01423832
=655  \7$aDocumentary television programs.$2fast$0(OCoLC)fst01710387
=655  \0$aElectronic reference sources.
=655  \7$aDatabases.$2fast$0(OCoLC)fst01411643
=655  \7$aSources.$2fast$0(OCoLC)fst01423900
=710  2\$aBanyan Production (Firm),$eproducer.
=710  2\$aAlexander Street Press,$epublisher.
=856  40$uhttps://search.alexanderstreet.com/carv
=852  \\$aBritish Library$bHMNTS$je-media
=985  \\$aResource not available October 5, 2023; product info viewed at; https://alexanderstreet.com/products/caribbean-studies-video-banyan-archive - title same; 588 viewed info left as is GC 5/10/23.
=CAT  \\$a3072$b40$c20231005$lBLL01$h1221
=CAT  \\$a3072$b40$c20231005$lBLL01$h1425
=CAT  \\$a3072$b40$c20231005$lBLL01$h1512
=CAT  \\$a3072$b40$c20231005$lBLL01$h1521
=FIN  \\$aY$d20231005
=SID  \\$aZ39$bOCLC
=STA  \\$aSUPPRESSED$bDatabase
=LAS  \\$a3072$b40$c20231005$lBLL01$h1521

