=LDR  02527 am a22005535a 4500
=001  016613383
=003  Uk
=005  20140129123253.0
=008  130722s2013\\\\ja\\\\\\\b\\\\001\0\jpn\c
=FMT  \\$a  BK
=020  \\$a9784816924262
=020  \\$a4816924264
=035  \\$a(OCoLC)853441417
=040  \\$aJaToTRC$beng$cTRCLS$dOCLCO$dZCU$dOCLCO$erda
=042  \\$aukblderived
=042  \\$apcc
=043  \\$aa-ja---
=050  \4$aNK4167.4$b.N54 2013
=084  \\$a751.1$2njb/9
=245  00$6880-01$aNihon tōjiki refarensu jiten /$chenshū Nichigai Asoshiētsu Kabushiki Kaisha = Index to each complete series of Japanese ceramics / compiled by Nichigai Associates, Inc.
=246  31$aIndex to each complete series of Japanese ceramics
=264  \1$6880-02$aTōkyō :$bNichigai Asoshiētsu,$c2013.
=264  \2$6880-03$aTōkyō :$bHatsubaimoto Kabushiki Kaisha Kinokuniya Shoten
=300  \\$a23, 1312 pages ;$c27 cm
=336  \\$atext$2rdacontent
=337  \\$aunmediated$2rdamedia
=338  \\$avolume$2rdacarrier
=546  \\$aJapanese.
=500  \\$aStatement of responsibility from colophon; parallel title and parallel statement of responsibility from title page verso.
=500  \\$aIncludes indexes.
=650  07$6880-04$aTōjiki-Nihon-Sakuin.$2jlabsh/4
=650  \0$aPottery, Japanese$yKamakura-Momoyama periods, 1185-1600$vBibliography.
=650  \0$aPottery, Japanese$yEdo period, 1600-1868$vBibliography.
=650  \0$aPottery, Japanese$y19th century$vBibliography.
=650  \0$aPottery, Japanese$y20th century$vBibliography.
=650  \0$aPottery, Japanese$y21st century$vBibliography.
=710  2\$6880-05$aNichigai Asoshiētsu.
=856  4\$uhttp://www.bookportal.jp/trcno/13037217/?partnerid=oclc&siteid=oclc$zJapanese record available for display
=880  00$6245-01$a日本陶磁器レファレンス事典 /$c編集日外アソシエーツ株式会社 = Index to each complete series of Japanese ceramics / compiled by Nichigai Associates, Inc.
=880  \1$6264-02$a東京 :$b日外アソシエーツ,$c2013.
=880  \2$6264-03$a東京 :$b発売元株式会社紀伊國屋書店
=880  07$6650-04$a陶磁器-日本-索引.$2jlabsh/4
=880  2\$6710-05$a日外アソシエーツ.
=852  \\$aBritish Library$bOC$cSPHOA$kOIM$h738.095
=CAT  \\$a13812$b40$c20140129$lBLL01$h1232
=CAT  \\$aBATCH-UPD$b40$c20150926$lBLL01$h1713
=SID  \\$aZ39$bOCLC
=STA  \\$aSUPPRESSED$bPreliminary Record
=LAS  \\$aBATCH-UPD$b40$c20150926$lBLL01$h1713

